<?xml version="1.0" encoding="UTF-8"?>
<!DOCTYPE html PUBLIC "-//W3C//DTD XHTML 1.0 Transitional//EN"
    "http://www.w3.org/TR/xhtml1/DTD/xhtml1-transitional.dtd">
<html xmlns="http://www.w3.org/1999/xhtml" xml:lang="en" lang="en">
 <head>
  <title>
</title>
<meta http-equiv="Content-Type" content="text/html;charset=utf-8" />
  <meta name='ocr-system' content='tesseract 3.04.00' />
  <meta name='ocr-capabilities' content='ocr_page ocr_carea ocr_par ocr_line ocrx_word'/>
</head>
<body>
  <div class='ocr_page' id='page_1' title='image "./tliviipatavinih03crevgoog_0243.png"; bbox 0 0 3120 4984; ppageno 0'>
   <div class='ocr_carea' id='block_1_1' title="bbox 315 213 995 288">
    <p class='ocr_par' dir='ltr' id='par_1_1' title="bbox 315 213 995 288">
     <span class='ocr_line' id='line_1_1' title="bbox 315 213 995 288; baseline -0.003 -10"><span class='ocrx_word' id='word_1_1' title='bbox 315 221 357 288; x_wconf 73' lang='lat'><strong>92</strong></span> <span class='ocrx_word' id='word_1_2' title='bbox 705 215 818 277; x_wconf 86' lang='lat' dir='ltr'><strong>TlTI</strong></span> <span class='ocrx_word' id='word_1_3' title='bbox 852 213 995 278; x_wconf 66' lang='lat' dir='ltr'><strong>lelil</strong></span> 
     </span>
    </p>
   </div>
   <div class='ocr_carea' id='block_1_2' title="bbox 152 377 1429 2900">
    <p class='ocr_par' dir='ltr' id='par_1_2' title="bbox 152 377 1429 2900">
     <span class='ocr_line' id='line_1_2' title="bbox 152 377 1429 468; baseline -0.002 -23"><span class='ocrx_word' id='word_1_4' title='bbox 152 405 183 453; x_wconf 82' lang='lat' dir='ltr'><strong>n.</strong></span> <span class='ocrx_word' id='word_1_5' title='bbox 196 391 290 456; x_wconf 71' lang='lat' dir='ltr'><strong>0.ss&#39;1,</strong></span> <span class='ocrx_word' id='word_1_6' title='bbox 316 383 482 447; x_wconf 83' lang='lat' dir='ltr'><strong>inuentum</strong></span> <span class='ocrx_word' id='word_1_7' title='bbox 512 393 569 446; x_wconf 79' lang='lat' dir='ltr'><strong>est.</strong></span> <span class='ocrx_word' id='word_1_8' title='bbox 612 380 763 468; x_wconf 81' lang='lat' dir='ltr'><strong>Bipslma</strong></span> <span class='ocrx_word' id='word_1_9' title='bbox 791 381 950 468; x_wconf 64' lang='lat' dir='ltr'><strong>miculam</strong></span> <span class='ocrx_word' id='word_1_10' title='bbox 976 377 1085 446; x_wconf 83' lang='lat' dir='ltr'><strong>bastili</strong></span> <span class='ocrx_word' id='word_1_11' title='bbox 1108 377 1317 448; x_wconf 80' lang='lat' dir='ltr'><strong>semicubitali</strong></span> <span class='ocrx_word' id='word_1_12' title='bbox 1343 380 1395 446; x_wconf 87' lang='lat' dir='ltr'><strong>in·</strong></span> <span class='ocrx_word' id='word_1_13' title='bbox 1427 435 1429 442; x_wconf 47' lang='lat'><strong>.</strong></span> 
     </span>
     <span class='ocr_line' id='line_1_3' title="bbox 154 467 1392 558; baseline 0.001 -25"><span class='ocrx_word' id='word_1_14' title='bbox 154 470 185 516; x_wconf 72' lang='grc' dir='ltr'><strong>Α·</strong></span> <span class='ocrx_word' id='word_1_15' title='bbox 199 471 293 523; x_wconf 57' lang='lat'><strong>⁰³⁷¹:</strong></span> <span class='ocrx_word' id='word_1_16' title='bbox 316 469 416 542; x_wconf 80' lang='lat' dir='ltr'><strong>fixum</strong></span> <span class='ocrx_word' id='word_1_17' title='bbox 431 480 510 544; x_wconf 85' lang='lat' dir='ltr'><strong>erat,</strong></span> <span class='ocrx_word' id='word_1_18' title='bbox 525 467 736 534; x_wconf 70' lang='lat' dir='ltr'><strong>crassitudine</strong></span> <span class='ocrx_word' id='word_1_19' title='bbox 750 467 861 558; x_wconf 77' lang='lat' dir='ltr'><strong>digiti:</strong></span> <span class='ocrx_word' id='word_1_20' title='bbox 884 467 960 532; x_wconf 88' lang='lat' dir='ltr'><strong>huie</strong></span> <span class='ocrx_word' id='word_1_21' title='bbox 975 467 1016 532; x_wconf 88' lang='lat' dir='ltr'><strong>sd</strong></span> <span class='ocrx_word' id='word_1_22' title='bbox 1027 467 1184 532; x_wconf 81' lang='lat' dir='ltr'><strong>libramen</strong></span> <span class='ocrx_word' id='word_1_23' title='bbox 1195 469 1308 552; x_wconf 86' lang='lat' dir='ltr'><strong>pinnae</strong></span> <span class='ocrx_word' id='word_1_24' title='bbox 1315 480 1392 548; x_wconf 86' lang='lat' dir='ltr'><strong>tres,</strong></span> 
     </span>
     <span class='ocr_line' id='line_1_4' title="bbox 316 553 1395 644; baseline 0.002 -26"><span class='ocrx_word' id='word_1_25' title='bbox 316 555 403 621; x_wconf 82' lang='lat' dir='ltr'><strong>velut</strong></span> <span class='ocrx_word' id='word_1_26' title='bbox 420 555 545 644; x_wconf 79' lang='lat' dir='ltr'>sagittis</span> <span class='ocrx_word' id='word_1_27' title='bbox 569 555 680 633; x_wconf 82' lang='lat' dir='ltr'><strong>solent,</strong></span> <span class='ocrx_word' id='word_1_28' title='bbox 696 555 995 622; x_wconf 85' lang='lat' dir='ltr'><strong>circumdabantur:</strong></span> <span class='ocrx_word' id='word_1_29' title='bbox 1012 553 1118 620; x_wconf 75' lang='lat' dir='ltr'><strong>tanda</strong></span> <span class='ocrx_word' id='word_1_30' title='bbox 1142 553 1247 620; x_wconf 89' lang='lat' dir='ltr'><strong>media</strong></span> <span class='ocrx_word' id='word_1_31' title='bbox 1261 555 1328 620; x_wconf 91' lang='lat' dir='ltr'><strong>duo</strong></span> <span class='ocrx_word' id='word_1_32' title='bbox 1341 553 1395 621; x_wconf 91' lang='lat' dir='ltr'><strong>fu-</strong></span> 
     </span>
     <span class='ocr_line' id='line_1_5' title="bbox 316 640 1396 728; baseline -0.001 -22"><span class='ocrx_word' id='word_1_33' title='bbox 316 642 403 708; x_wconf 87' lang='lat' dir='ltr'><strong>nalia</strong></span> <span class='ocrx_word' id='word_1_34' title='bbox 428 642 554 726; x_wconf 87' lang='lat' dir='ltr'><strong>inparia</strong></span> <span class='ocrx_word' id='word_1_35' title='bbox 578 641 727 711; x_wconf 83' lang='lat' dir='ltr'><strong>habebat.</strong></span> <span class='ocrx_word' id='word_1_36' title='bbox 759 653 833 707; x_wconf 89' lang='lat' dir='ltr'><strong>cum</strong></span> <span class='ocrx_word' id='word_1_37' title='bbox 859 641 974 728; x_wconf 88' lang='lat' dir='ltr'><strong>majori</strong></span> <span class='ocrx_word' id='word_1_38' title='bbox 1001 642 1074 706; x_wconf 90' lang='lat' dir='ltr'><strong>sinu</strong></span> <span class='ocrx_word' id='word_1_39' title='bbox 1103 640 1255 706; x_wconf 83' lang='lat' dir='ltr'><strong>libratum</strong></span> <span class='ocrx_word' id='word_1_40' title='bbox 1284 641 1396 707; x_wconf 91' lang='lat' dir='ltr'><strong>fundi-</strong></span> 
     </span>
     <span class='ocr_line' id='line_1_6' title="bbox 227 724 1394 818; baseline -0.002 -24"><span class='ocrx_word' id='word_1_41' title='bbox 227 776 231 784; x_wconf 66' lang='lat'><strong>.</strong></span> <span class='ocrx_word' id='word_1_42' title='bbox 316 743 368 794; x_wconf 89' lang='lat' dir='ltr'><strong>tor</strong></span> <span class='ocrx_word' id='word_1_43' title='bbox 382 729 508 794; x_wconf 80' lang='lat' dir='ltr'><strong>habena</strong></span> <span class='ocrx_word' id='word_1_44' title='bbox 519 740 651 807; x_wconf 80' lang='lat' dir='ltr'><strong>rotaret,</strong></span> <span class='ocrx_word' id='word_1_45' title='bbox 667 747 846 807; x_wconf 85' lang='lat' dir='ltr'><strong>excussum,</strong></span> <span class='ocrx_word' id='word_1_46' title='bbox 862 729 949 794; x_wconf 84' lang='lat' dir='ltr'><strong>velut</strong></span> <span class='ocrx_word' id='word_1_47' title='bbox 962 727 1063 818; x_wconf 88' lang='lat' dir='ltr'><strong>glans,</strong></span> <span class='ocrx_word' id='word_1_48' title='bbox 1080 724 1248 794; x_wconf 81' lang='lat' dir='ltr'><strong>emicabat.</strong></span> <span class='ocrx_word' id='word_1_49' title='bbox 1278 729 1394 805; x_wconf 89' lang='lat' dir='ltr'><strong>Quum</strong></span> 
     </span>
     <span class='ocr_line' id='line_1_7' title="bbox 315 815 1396 906; baseline 0 -25"><span class='ocrx_word' id='word_1_50' title='bbox 315 831 348 882; x_wconf 88' lang='lat' dir='ltr'><strong>et</strong></span> <span class='ocrx_word' id='word_1_51' title='bbox 363 816 436 897; x_wconf 85' lang='lat' dir='ltr'><strong>boe,</strong></span> <span class='ocrx_word' id='word_1_52' title='bbox 449 829 480 880; x_wconf 88' lang='lat' dir='ltr'><strong>et</strong></span> <span class='ocrx_word' id='word_1_53' title='bbox 495 815 559 880; x_wconf 92' lang='lat' dir='ltr'><strong>alio</strong></span> <span class='ocrx_word' id='word_1_54' title='bbox 573 817 662 881; x_wconf 90' lang='lat' dir='ltr'><strong>omni</strong></span> <span class='ocrx_word' id='word_1_55' title='bbox 676 837 792 906; x_wconf 81' lang='lat' dir='ltr'>genere</span> <span class='ocrx_word' id='word_1_56' title='bbox 807 817 955 892; x_wconf 87' lang='lat' dir='ltr'><strong>telorum,</strong></span> <span class='ocrx_word' id='word_1_57' title='bbox 973 837 1047 900; x_wconf 86' lang='lat' dir='ltr'><strong>pars</strong></span> <span class='ocrx_word' id='word_1_58' title='bbox 1061 815 1229 880; x_wconf 79' lang='lat' dir='ltr'><strong>vulnerata</strong></span> <span class='ocrx_word' id='word_1_59' title='bbox 1253 816 1396 881; x_wconf 87' lang='lat' dir='ltr'><strong>militum</strong></span> 
     </span>
     <span class='ocr_line' id='line_1_8' title="bbox 316 901 1395 992; baseline 0.001 -24"><span class='ocrx_word' id='word_1_60' title='bbox 316 915 485 980; x_wconf 69' lang='lat' dir='ltr'><strong>essetnec</strong></span> <span class='ocrx_word' id='word_1_61' title='bbox 505 901 596 967; x_wconf 80' lang='lat' dir='ltr'><strong>facile</strong></span> <span class='ocrx_word' id='word_1_62' title='bbox 614 904 682 992; x_wconf 85' lang='lat' dir='ltr'><strong>jem</strong></span> <span class='ocrx_word' id='word_1_63' title='bbox 706 925 793 967; x_wconf 86' lang='lat' dir='ltr'><strong>arma</strong></span> <span class='ocrx_word' id='word_1_64' title='bbox 814 902 887 970; x_wconf 88' lang='lat' dir='ltr'><strong>fessi</strong></span> <span class='ocrx_word' id='word_1_65' title='bbox 909 902 1114 983; x_wconf 82' lang='lat' dir='ltr'>sustinerent,</span> <span class='ocrx_word' id='word_1_66' title='bbox 1130 903 1249 968; x_wconf 85' lang='lat' dir='ltr'><strong>instare</strong></span> <span class='ocrx_word' id='word_1_67' title='bbox 1271 923 1339 982; x_wconf 85' lang='lat' dir='ltr'><strong>rex,</strong></span> <span class='ocrx_word' id='word_1_68' title='bbox 1357 917 1395 969; x_wconf 90' lang='lat' dir='ltr'><strong>ut</strong></span> 
     </span>
     <span class='ocr_line' id='line_1_9' title="bbox 242 985 1395 1074; baseline -0.002 -19"><span class='ocrx_word' id='word_1_69' title='bbox 242 985 244 994; x_wconf 71' lang='grc'>’</span> <span class='ocrx_word' id='word_1_70' title='bbox 316 989 470 1055; x_wconf 80' lang='lat' dir='ltr'><strong>dederent</strong></span> <span class='ocrx_word' id='word_1_71' title='bbox 494 1011 537 1069; x_wconf 83' lang='lat' dir='ltr'><strong>se,</strong></span> <span class='ocrx_word' id='word_1_72' title='bbox 554 990 651 1055; x_wconf 89' lang='lat' dir='ltr'><strong>fidem</strong></span> <span class='ocrx_word' id='word_1_73' title='bbox 677 989 765 1068; x_wconf 89' lang='lat' dir='ltr'><strong>dare,</strong></span> <span class='ocrx_word' id='word_1_74' title='bbox 790 990 926 1074; x_wconf 77' lang='lat' dir='ltr'><strong>praemia</strong></span> <span class='ocrx_word' id='word_1_75' title='bbox 950 989 1113 1054; x_wconf 90' lang='lat' dir='ltr'><strong>interdum</strong></span> <span class='ocrx_word' id='word_1_76' title='bbox 1137 988 1299 1074; x_wconf 84' lang='lat' dir='ltr'><strong>polliceri:</strong></span> <span class='ocrx_word' id='word_1_77' title='bbox 1331 1009 1395 1060; x_wconf 83' lang='lat' dir='ltr'><strong>nee</strong></span> 
     </span>
     <span class='ocr_line' id='line_1_10' title="bbox 315 1076 1395 1164; baseline -0.001 -23"><span class='ocrx_word' id='word_1_78' title='bbox 315 1077 502 1164; x_wconf 87' lang='lat' dir='ltr'><strong>cujusquam</strong></span> <span class='ocrx_word' id='word_1_79' title='bbox 524 1077 564 1142; x_wconf 90' lang='lat' dir='ltr'><strong>ad</strong></span> <span class='ocrx_word' id='word_1_80' title='bbox 588 1076 783 1144; x_wconf 84' lang='lat' dir='ltr'><strong>deditionem</strong></span> <span class='ocrx_word' id='word_1_81' title='bbox 805 1077 991 1144; x_wconf 82' lang='lat' dir='ltr'><strong>flectebatur</strong></span> <span class='ocrx_word' id='word_1_82' title='bbox 1004 1076 1147 1151; x_wconf 65' lang='lat' dir='ltr'><strong>animum</strong></span> <span class='ocrx_word' id='word_1_83' title='bbox 1170 1097 1269 1163; x_wconf 88' lang='lat' dir='ltr'><strong>quum</strong></span> <span class='ocrx_word' id='word_1_84' title='bbox 1287 1098 1328 1140; x_wconf 86' lang='lat' dir='ltr'><strong>ex</strong></span> <span class='ocrx_word' id='word_1_85' title='bbox 1342 1077 1395 1141; x_wconf 88' lang='lat' dir='ltr'><strong>in-</strong></span> 
     </span>
     <span class='ocr_line' id='line_1_11' title="bbox 315 1162 1395 1251; baseline 0.002 -24"><span class='ocrx_word' id='word_1_86' title='bbox 315 1177 443 1248; x_wconf 86' lang='lat' dir='ltr'><strong>sperato</strong></span> <span class='ocrx_word' id='word_1_87' title='bbox 464 1164 532 1250; x_wconf 86' lang='lat' dir='ltr'><strong>jam</strong></span> <span class='ocrx_word' id='word_1_88' title='bbox 555 1165 721 1230; x_wconf 87' lang='lat' dir='ltr'><strong>obstinatis</strong></span> <span class='ocrx_word' id='word_1_89' title='bbox 742 1164 825 1229; x_wconf 83' lang='lat' dir='ltr'><strong>mori</strong></span> <span class='ocrx_word' id='word_1_90' title='bbox 848 1187 921 1251; x_wconf 84' lang='lat' dir='ltr'><strong>spes</strong></span> <span class='ocrx_word' id='word_1_91' title='bbox 941 1162 1079 1228; x_wconf 81' lang='lat' dir='ltr'><strong>adfulsit.</strong></span> <span class='ocrx_word' id='word_1_92' title='bbox 1125 1163 1211 1228; x_wconf 89' lang='lat' dir='ltr'><strong>Nam</strong></span> <span class='ocrx_word' id='word_1_93' title='bbox 1233 1185 1333 1250; x_wconf 89' lang='lat' dir='ltr'><strong>quum</strong></span> <span class='ocrx_word' id='word_1_94' title='bbox 1350 1185 1395 1230; x_wconf 85' lang='lat' dir='ltr'><strong>ex</strong></span> 
     </span>
     <span class='ocr_line' id='line_1_12' title="bbox 315 1249 1395 1339; baseline 0.002 -25"><span class='ocrx_word' id='word_1_95' title='bbox 315 1249 600 1316; x_wconf 79' lang='lat' dir='ltr'><strong>frumentatoribus</strong></span> <span class='ocrx_word' id='word_1_96' title='bbox 626 1250 818 1339; x_wconf 80' lang='lat' dir='ltr'><strong>refugientes</strong></span> <span class='ocrx_word' id='word_1_97' title='bbox 840 1249 971 1338; x_wconf 86' lang='lat' dir='ltr'><strong>quidam</strong></span> <span class='ocrx_word' id='word_1_98' title='bbox 994 1251 1029 1315; x_wconf 92' lang='lat' dir='ltr'><strong>in</strong></span> <span class='ocrx_word' id='word_1_99' title='bbox 1058 1263 1163 1336; x_wconf 83' lang='lat' dir='ltr'><strong>eastra</strong></span> <span class='ocrx_word' id='word_1_100' title='bbox 1187 1249 1395 1316; x_wconf 87' lang='lat' dir='ltr'><strong>nunciassent</strong></span> 
     </span>
     <span class='ocr_line' id='line_1_13' title="bbox 315 1335 1394 1424; baseline 0 -22"><span class='ocrx_word' id='word_1_101' title='bbox 315 1337 449 1414; x_wconf 83' lang='lat' dir='ltr'><strong>consuli,</strong></span> <span class='ocrx_word' id='word_1_102' title='bbox 466 1335 682 1405; x_wconf 82' lang='lat' dir='ltr'><strong>circumsideri</strong></span> <span class='ocrx_word' id='word_1_103' title='bbox 704 1337 908 1424; x_wconf 69' lang='lat' dir='ltr'><strong>praesidium</strong></span> <span class='ocrx_word' id='word_1_104' title='bbox 932 1351 1039 1412; x_wconf 83' lang='lat' dir='ltr'><strong>motus</strong></span> <span class='ocrx_word' id='word_1_105' title='bbox 1053 1336 1197 1424; x_wconf 85' lang='lat' dir='ltr'><strong>periculo</strong></span> <span class='ocrx_word' id='word_1_106' title='bbox 1211 1349 1259 1402; x_wconf 88' lang='lat' dir='ltr'><strong>tot</strong></span> <span class='ocrx_word' id='word_1_107' title='bbox 1274 1336 1394 1402; x_wconf 82' lang='lat' dir='ltr'><strong>civium</strong></span> 
     </span>
     <span class='ocr_line' id='line_1_14' title="bbox 316 1423 1394 1513; baseline 0.002 -25"><span class='ocrx_word' id='word_1_108' title='bbox 316 1430 406 1512; x_wconf 79' lang='lat' dir='ltr'><strong>(nam</strong></span> <span class='ocrx_word' id='word_1_109' title='bbox 420 1425 598 1513; x_wconf 84' lang='lat' dir='ltr'><strong>octingenti</strong></span> <span class='ocrx_word' id='word_1_110' title='bbox 608 1423 717 1504; x_wconf 86' lang='lat' dir='ltr'><strong>ferme,</strong></span> <span class='ocrx_word' id='word_1_111' title='bbox 726 1438 758 1490; x_wconf 90' lang='lat' dir='ltr'><strong>et</strong></span> <span class='ocrx_word' id='word_1_112' title='bbox 768 1446 880 1490; x_wconf 88' lang='lat' dir='ltr'><strong>omnes</strong></span> <span class='ocrx_word' id='word_1_113' title='bbox 896 1423 1032 1490; x_wconf 87' lang='lat' dir='ltr'><strong>Romani</strong></span> <span class='ocrx_word' id='word_1_114' title='bbox 1047 1425 1153 1506; x_wconf 88' lang='lat' dir='ltr'><strong>erant)</strong></span> <span class='ocrx_word' id='word_1_115' title='bbox 1163 1445 1237 1490; x_wconf 87' lang='lat' dir='ltr'><strong>curn</strong></span> <span class='ocrx_word' id='word_1_116' title='bbox 1246 1424 1394 1511; x_wconf 87' lang='lat' dir='ltr'><strong>equitatu</strong></span> 
     </span>
     <span class='ocr_line' id='line_1_15' title="bbox 315 1509 1395 1597; baseline 0.003 -23"><span class='ocrx_word' id='word_1_117' title='bbox 315 1533 352 1575; x_wconf 90' lang='lat' dir='ltr'><strong>ac</strong></span> <span class='ocrx_word' id='word_1_118' title='bbox 366 1511 429 1576; x_wconf 87' lang='lat' dir='ltr'><strong>levi</strong></span> <span class='ocrx_word' id='word_1_119' title='bbox 444 1521 608 1576; x_wconf 85' lang='lat' dir='ltr'><strong>armatura</strong></span> <span class='ocrx_word' id='word_1_120' title='bbox 624 1515 837 1596; x_wconf 84' lang='lat' dir='ltr'><strong>(accesserant</strong></span> <span class='ocrx_word' id='word_1_121' title='bbox 855 1533 939 1580; x_wconf 78' lang='lat' dir='ltr'><strong>nova</strong></span> <span class='ocrx_word' id='word_1_122' title='bbox 954 1510 1083 1590; x_wconf 84' lang='lat' dir='ltr'><strong>auxilia,</strong></span> <span class='ocrx_word' id='word_1_123' title='bbox 1101 1509 1254 1577; x_wconf 75' lang='lat' dir='ltr'><strong>Numidae</strong></span> <span class='ocrx_word' id='word_1_124' title='bbox 1268 1511 1395 1597; x_wconf 81' lang='lat' dir='ltr'><strong>pedites</strong></span> 
     </span>
     <span class='ocr_line' id='line_1_16' title="bbox 313 1595 1394 1700; baseline 0.001 -38"><span class='ocrx_word' id='word_1_125' title='bbox 313 1598 500 1684; x_wconf 83' lang='lat' dir='ltr'><strong>equitesque</strong></span> <span class='ocrx_word' id='word_1_126' title='bbox 510 1609 543 1663; x_wconf 89' lang='lat' dir='ltr'><strong>et</strong></span> <span class='ocrx_word' id='word_1_127' title='bbox 554 1597 731 1700; x_wconf 83' lang='lat' dir='ltr'><strong>elephanti)</strong></span> <span class='ocrx_word' id='word_1_128' title='bbox 740 1599 850 1664; x_wconf 89' lang='lat' dir='ltr'><strong>castris</strong></span> <span class='ocrx_word' id='word_1_129' title='bbox 861 1598 1042 1688; x_wconf 82' lang='lat' dir='ltr'><strong>egreditur:</strong></span> <span class='ocrx_word' id='word_1_130' title='bbox 1065 1611 1096 1665; x_wconf 90' lang='lat' dir='ltr'><strong>et</strong></span> <span class='ocrx_word' id='word_1_131' title='bbox 1105 1597 1242 1664; x_wconf 80' lang='lat' dir='ltr'><strong>tribunis</strong></span> <span class='ocrx_word' id='word_1_132' title='bbox 1254 1595 1394 1663; x_wconf 87' lang='lat' dir='ltr'><strong>militum</strong></span> 
     </span>
     <span class='ocr_line' id='line_1_17' title="bbox 313 1683 1392 1788; baseline 0.002 -40"><span class='ocrx_word' id='word_1_133' title='bbox 313 1683 461 1769; x_wconf 88' lang='lat' dir='ltr'><strong>imperat,</strong></span> <span class='ocrx_word' id='word_1_134' title='bbox 485 1695 522 1748; x_wconf 83' lang='lat' dir='ltr'><strong>&#39;ut</strong></span> <span class='ocrx_word' id='word_1_135' title='bbox 543 1683 708 1773; x_wconf 79' lang='lat' dir='ltr'><strong>legionum</strong></span> <span class='ocrx_word' id='word_1_136' title='bbox 729 1687 821 1774; x_wconf 85' lang='lat' dir='ltr'><strong>signe</strong></span> <span class='ocrx_word' id='word_1_137' title='bbox 842 1697 1028 1788; x_wconf 81' lang='lat' dir='ltr'><strong>sequantur.</strong></span> <span class='ocrx_word' id='word_1_138' title='bbox 1075 1685 1160 1770; x_wconf 87' lang='lat' dir='ltr'><strong>lpse,</strong></span> <span class='ocrx_word' id='word_1_139' title='bbox 1179 1684 1327 1751; x_wconf 78' lang='lat' dir='ltr'><strong>velitibus</strong></span> <span class='ocrx_word' id='word_1_140' title='bbox 1349 1685 1392 1750; x_wconf 88' lang='lat' dir='ltr'><strong>ad</strong></span> 
     </span>
     <span class='ocr_line' id='line_1_18' title="bbox 312 1770 1394 1859; baseline 0.002 -25"><span class='ocrx_word' id='word_1_141' title='bbox 312 1770 472 1836; x_wconf 82' lang='lat' dir='ltr'><strong>firmanda</strong></span> <span class='ocrx_word' id='word_1_142' title='bbox 482 1770 602 1856; x_wconf 72' lang='lat' dir='ltr'><strong>leuium</strong></span> <span class='ocrx_word' id='word_1_143' title='bbox 619 1793 782 1836; x_wconf 87' lang='lat' dir='ltr'><strong>armorum</strong></span> <span class='ocrx_word' id='word_1_144' title='bbox 794 1773 914 1838; x_wconf 77' lang='lat' dir='ltr'><strong>auxilia</strong></span> <span class='ocrx_word' id='word_1_145' title='bbox 926 1771 1066 1859; x_wconf 85' lang='lat' dir='ltr'><strong>adjectis,</strong></span> <span class='ocrx_word' id='word_1_146' title='bbox 1079 1773 1121 1836; x_wconf 80' lang='lat' dir='ltr'><strong>ud</strong></span> <span class='ocrx_word' id='word_1_147' title='bbox 1132 1770 1292 1836; x_wconf 90' lang='lat' dir='ltr'><strong>tumulum</strong></span> <span class='ocrx_word' id='word_1_148' title='bbox 1308 1793 1394 1859; x_wconf 78' lang='lat' dir='ltr'><strong>prse-</strong></span> 
     </span>
     <span class='ocr_line' id='line_1_19' title="bbox 314 1857 1392 1950; baseline 0.001 -27"><span class='ocrx_word' id='word_1_149' title='bbox 314 1858 409 1923; x_wconf 84' lang='lat' dir='ltr'><strong>osdit.</strong></span> <span class='ocrx_word' id='word_1_150' title='bbox 424 1857 563 1926; x_wconf 85' lang='lat' dir='ltr'><strong>&#39;consulis</strong></span> <span class='ocrx_word' id='word_1_151' title='bbox 574 1859 675 1927; x_wconf 88' lang='lat' dir='ltr'><strong>latera</strong></span> <span class='ocrx_word' id='word_1_152' title='bbox 687 1871 801 1950; x_wconf 86' lang='lat' dir='ltr'><strong>tegunt</strong></span> <span class='ocrx_word' id='word_1_153' title='bbox 813 1859 987 1944; x_wconf 84' lang='lat' dir='ltr'><strong>Eumenes,</strong></span> <span class='ocrx_word' id='word_1_154' title='bbox 999 1861 1137 1937; x_wconf 83' lang='lat' dir='ltr'><strong>Attalus,</strong></span> <span class='ocrx_word' id='word_1_155' title='bbox 1150 1872 1182 1924; x_wconf 90' lang='lat' dir='ltr'><strong>et</strong></span> <span class='ocrx_word' id='word_1_156' title='bbox 1194 1857 1392 1944; x_wconf 80' lang='lat' dir='ltr'><strong>Misagenes,</strong></span> 
     </span>
     <span class='ocr_line' id='line_1_20' title="bbox 314 1945 685 2033; baseline 0.008 -25"><span class='ocrx_word' id='word_1_157' title='bbox 314 1945 685 2033; x_wconf 87' lang='lat' dir='ltr'><strong>regulusNumidarum.</strong></span> 
     </span>
     <span class='ocr_line' id='line_1_21' title="bbox 357 2031 1395 2120; baseline 0.002 -24"><span class='ocrx_word' id='word_1_158' title='bbox 357 2031 483 2099; x_wconf 89' lang='lat' dir='ltr'>LXVI.</span> <span class='ocrx_word' id='word_1_159' title='bbox 506 2034 616 2104; x_wconf 86' lang='lat' dir='ltr'><strong>Quum</strong></span> <span class='ocrx_word' id='word_1_160' title='bbox 632 2033 666 2097; x_wconf 92' lang='lat' dir='ltr'><strong>in</strong></span> <span class='ocrx_word' id='word_1_161' title='bbox 681 2042 857 2118; x_wconf 87' lang='lat' dir='ltr'><strong>conspectu</strong></span> <span class='ocrx_word' id='word_1_162' title='bbox 879 2032 985 2120; x_wconf 85' lang='lat' dir='ltr'><strong>prima</strong></span> <span class='ocrx_word' id='word_1_163' title='bbox 999 2031 1092 2119; x_wconf 86' lang='lat' dir='ltr'><strong>signa</strong></span> <span class='ocrx_word' id='word_1_164' title='bbox 1106 2053 1236 2098; x_wconf 83' lang='lat' dir='ltr'><strong>suerunt</strong></span> <span class='ocrx_word' id='word_1_165' title='bbox 1252 2031 1395 2098; x_wconf 84' lang='lat' dir='ltr'><strong>circum-</strong></span> 
     </span>
     <span class='ocr_line' id='line_1_22' title="bbox 313 2117 1394 2210; baseline 0.002 -28"><span class='ocrx_word' id='word_1_166' title='bbox 313 2119 403 2183; x_wconf 85' lang='lat' dir='ltr'><strong>sessis</strong></span> <span class='ocrx_word' id='word_1_167' title='bbox 429 2117 570 2200; x_wconf 89' lang='lat' dir='ltr'><strong>fuerunt‚</strong></span> <span class='ocrx_word' id='word_1_168' title='bbox 588 2118 743 2184; x_wconf 84' lang='lat' dir='ltr'><strong>Romanis</strong></span> <span class='ocrx_word' id='word_1_169' title='bbox 763 2117 892 2210; x_wconf 88' lang='lat' dir='ltr'><strong>quidem</strong></span> <span class='ocrx_word' id='word_1_170' title='bbox 908 2119 950 2202; x_wconf 86' lang='lat' dir='ltr'><strong>ab</strong></span> <span class='ocrx_word' id='word_1_171' title='bbox 972 2119 1086 2184; x_wconf 87' lang='lat' dir='ltr'><strong>ultima</strong></span> <span class='ocrx_word' id='word_1_172' title='bbox 1107 2119 1327 2204; x_wconf 74' lang='lat' dir='ltr'><strong>desperatione</strong></span> <span class='ocrx_word' id='word_1_173' title='bbox 1341 2141 1394 2184; x_wconf 87' lang='lat' dir='ltr'><strong>re·</strong></span> 
     </span>
     <span class='ocr_line' id='line_1_23' title="bbox 293 2204 1392 2291; baseline 0.002 -21"><span class='ocrx_word' id='word_1_174' title='bbox 293 2209 295 2214; x_wconf 83' lang='lat'>&#39;</span> <span class='ocrx_word' id='word_1_175' title='bbox 313 2217 440 2270; x_wconf 87' lang='lat' dir='ltr'><strong>creatus</strong></span> <span class='ocrx_word' id='word_1_176' title='bbox 452 2219 500 2271; x_wconf 88' lang='lat' dir='ltr'><strong>est</strong></span> <span class='ocrx_word' id='word_1_177' title='bbox 510 2206 653 2274; x_wconf 87' lang='lat' dir='ltr'><strong>animus:</strong></span> <span class='ocrx_word' id='word_1_178' title='bbox 680 2206 824 2284; x_wconf 89' lang='lat' dir='ltr'><strong>Perseus,</strong></span> <span class='ocrx_word' id='word_1_179' title='bbox 834 2205 885 2271; x_wconf 88' lang='lat' dir='ltr'><strong>eui</strong></span> <span class='ocrx_word' id='word_1_180' title='bbox 898 2208 1040 2291; x_wconf 90' lang='lat' dir='ltr'><strong>primum</strong></span> <span class='ocrx_word' id='word_1_181' title='bbox 1055 2205 1200 2271; x_wconf 86' lang='lat' dir='ltr'><strong>omniurn</strong></span> <span class='ocrx_word' id='word_1_182' title='bbox 1214 2204 1333 2283; x_wconf 79' lang='lat' dir='ltr'><strong>fuerat,</strong></span> <span class='ocrx_word' id='word_1_183' title='bbox 1343 2219 1392 2284; x_wconf 90' lang='lat' dir='ltr'><strong>ut,</strong></span> 
     </span>
     <span class='ocr_line' id='line_1_24' title="bbox 312 2291 1392 2380; baseline 0.002 -23"><span class='ocrx_word' id='word_1_184' title='bbox 312 2305 483 2358; x_wconf 86' lang='lat' dir='ltr'><strong>contentus</strong></span> <span class='ocrx_word' id='word_1_185' title='bbox 508 2292 642 2362; x_wconf 85' lang='lat' dir='ltr'><strong>fortuito</strong></span> <span class='ocrx_word' id='word_1_186' title='bbox 664 2313 819 2371; x_wconf 85' lang='lat' dir='ltr'><strong>successu,</strong></span> <span class='ocrx_word' id='word_1_187' title='bbox 834 2294 936 2379; x_wconf 88' lang='lat' dir='ltr'><strong>captis</strong></span> <span class='ocrx_word' id='word_1_188' title='bbox 959 2292 1080 2380; x_wconf 88' lang='lat' dir='ltr'><strong>aliquot</strong></span> <span class='ocrx_word' id='word_1_189' title='bbox 1103 2291 1392 2359; x_wconf 83' lang='lat' dir='ltr'><strong>frumentatoribus</strong></span> 
     </span>
     <span class='ocr_line' id='line_1_25' title="bbox 311 2377 1394 2482; baseline 0 -38"><span class='ocrx_word' id='word_1_190' title='bbox 311 2380 499 2468; x_wconf 81' lang='lat' dir='ltr'><strong>occisisque,</strong></span> <span class='ocrx_word' id='word_1_191' title='bbox 514 2403 581 2446; x_wconf 90' lang='lat' dir='ltr'><strong>non</strong></span> <span class='ocrx_word' id='word_1_192' title='bbox 596 2393 713 2446; x_wconf 87' lang='lat' dir='ltr'><strong>tereret</strong></span> <span class='ocrx_word' id='word_1_193' title='bbox 728 2394 853 2467; x_wconf 89' lang='lat' dir='ltr'><strong>tempus</strong></span> <span class='ocrx_word' id='word_1_194' title='bbox 868 2380 900 2444; x_wconf 91' lang='lat' dir='ltr'><strong>in</strong></span> <span class='ocrx_word' id='word_1_195' title='bbox 912 2377 1080 2445; x_wconf 89' lang='lat' dir='ltr'><strong>obsidione</strong></span> <span class='ocrx_word' id='word_1_196' title='bbox 1093 2379 1255 2482; x_wconf 82' lang='lat' dir='ltr'><strong>praesidii3</strong></span> <span class='ocrx_word' id='word_1_197' title='bbox 1278 2399 1394 2445; x_wconf 87' lang='lat' dir='ltr'><strong>secun·</strong></span> 
     </span>
     <span class='ocr_line' id='line_1_26' title="bbox 311 2465 1391 2558; baseline 0 -27"><span class='ocrx_word' id='word_1_198' title='bbox 311 2466 402 2544; x_wconf 88' lang='lat' dir='ltr'><strong>dum,</strong></span> <span class='ocrx_word' id='word_1_199' title='bbox 418 2483 456 2532; x_wconf 88' lang='lat' dir='ltr'><strong>ea</strong></span> <span class='ocrx_word' id='word_1_200' title='bbox 470 2487 599 2554; x_wconf 91' lang='lat' dir='ltr'><strong>quoque</strong></span> <span class='ocrx_word' id='word_1_201' title='bbox 613 2481 733 2533; x_wconf 89' lang='lat' dir='ltr'><strong>tentata</strong></span> <span class='ocrx_word' id='word_1_202' title='bbox 748 2479 929 2558; x_wconf 89' lang='lat' dir='ltr'><strong>utcumque,</strong></span> <span class='ocrx_word' id='word_1_203' title='bbox 947 2489 1044 2558; x_wconf 87' lang='lat' dir='ltr'><strong>quum</strong></span> <span class='ocrx_word' id='word_1_204' title='bbox 1061 2481 1156 2532; x_wconf 76' lang='lat' dir='ltr'><strong>sciret</strong></span> <span class='ocrx_word' id='word_1_205' title='bbox 1167 2465 1249 2530; x_wconf 85' lang='lat' dir='ltr'><strong>nibil</strong></span> <span class='ocrx_word' id='word_1_206' title='bbox 1263 2466 1391 2532; x_wconf 91' lang='lat' dir='ltr'><strong>roboris</strong></span> 
     </span>
     <span class='ocr_line' id='line_1_27' title="bbox 312 2553 1392 2640; baseline 0.001 -22"><span class='ocrx_word' id='word_1_207' title='bbox 312 2575 419 2619; x_wconf 89' lang='lat' dir='ltr'><strong>secum</strong></span> <span class='ocrx_word' id='word_1_208' title='bbox 431 2577 510 2632; x_wconf 88' lang='lat' dir='ltr'><strong>esse,</strong></span> <span class='ocrx_word' id='word_1_209' title='bbox 521 2554 599 2620; x_wconf 83' lang='lat' dir='ltr'><strong>dutn</strong></span> <span class='ocrx_word' id='word_1_210' title='bbox 609 2555 719 2619; x_wconf 89' lang='lat' dir='ltr'><strong>liceret</strong></span> <span class='ocrx_word' id='word_1_211' title='bbox 727 2555 858 2632; x_wconf 90' lang='lat' dir='ltr'><strong>intacto,</strong></span> <span class='ocrx_word' id='word_1_212' title='bbox 871 2556 976 2632; x_wconf 82' lang='lat' dir='ltr'><strong>abire3</strong></span> <span class='ocrx_word' id='word_1_213' title='bbox 999 2553 1109 2640; x_wconf 88' lang='lat' dir='ltr'><strong>etipse</strong></span> <span class='ocrx_word' id='word_1_214' title='bbox 1121 2553 1260 2618; x_wconf 87' lang='lat' dir='ltr'><strong>hostium</strong></span> <span class='ocrx_word' id='word_1_215' title='bbox 1272 2553 1392 2619; x_wconf 89' lang='lat' dir='ltr'><strong>adven·</strong></span> 
     </span>
     <span class='ocr_line' id='line_1_28' title="bbox 311 2639 1390 2728; baseline 0.001 -24"><span class='ocrx_word' id='word_1_216' title='bbox 311 2653 393 2722; x_wconf 89' lang='lat' dir='ltr'><strong>turn,</strong></span> <span class='ocrx_word' id='word_1_217' title='bbox 408 2641 508 2706; x_wconf 85' lang='lat' dir='ltr'><strong>elatus</strong></span> <span class='ocrx_word' id='word_1_218' title='bbox 531 2653 687 2720; x_wconf 85' lang='lat' dir='ltr'><strong>successu,</strong></span> <span class='ocrx_word' id='word_1_219' title='bbox 705 2643 830 2717; x_wconf 89' lang='lat' dir='ltr'><strong>mansit,</strong></span> <span class='ocrx_word' id='word_1_220' title='bbox 846 2653 887 2718; x_wconf 89' lang='lat' dir='ltr'><strong>et,</strong></span> <span class='ocrx_word' id='word_1_221' title='bbox 905 2642 960 2728; x_wconf 91' lang='lat' dir='ltr'><strong>qui</strong></span> <span class='ocrx_word' id='word_1_222' title='bbox 974 2639 1167 2728; x_wconf 85' lang='lat' dir='ltr'><strong>phalangem</strong></span> <span class='ocrx_word' id='word_1_223' title='bbox 1184 2654 1390 2720; x_wconf 86' lang='lat' dir='ltr'><strong>arcesserent,</strong></span> 
     </span>
     <span class='ocr_line' id='line_1_29' title="bbox 312 2725 1391 2814; baseline 0.004 -24"><span class='ocrx_word' id='word_1_224' title='bbox 312 2749 449 2812; x_wconf 88' lang='lat' dir='ltr'><strong>propere</strong></span> <span class='ocrx_word' id='word_1_225' title='bbox 472 2727 566 2792; x_wconf 88' lang='lat' dir='ltr'><strong>misit.</strong></span> <span class='ocrx_word' id='word_1_226' title='bbox 591 2749 655 2814; x_wconf 88' lang='lat' dir='ltr'><strong>qua</strong></span> <span class='ocrx_word' id='word_1_227' title='bbox 676 2739 710 2792; x_wconf 81' lang='lat' dir='ltr'><strong>et</strong></span> <span class='ocrx_word' id='word_1_228' title='bbox 730 2729 839 2806; x_wconf 88' lang='lat' dir='ltr'><strong>serlus,</strong></span> <span class='ocrx_word' id='word_1_229' title='bbox 857 2747 952 2813; x_wconf 86' lang='lat' dir='ltr'><strong>quam</strong></span> <span class='ocrx_word' id='word_1_230' title='bbox 976 2747 1026 2793; x_wconf 86' lang='lat' dir='ltr'><strong>res</strong></span> <span class='ocrx_word' id='word_1_231' title='bbox 1052 2725 1245 2814; x_wconf 84' lang='lat' dir='ltr'><strong>postulabat,</strong></span> <span class='ocrx_word' id='word_1_232' title='bbox 1261 2739 1293 2793; x_wconf 89' lang='lat' dir='ltr'><strong>et</strong></span> <span class='ocrx_word' id='word_1_233' title='bbox 1314 2749 1391 2813; x_wconf 81' lang='lat' dir='ltr'><strong>rap·</strong></span> 
     </span>
     <span class='ocr_line' id='line_1_30' title="bbox 312 2813 1392 2900; baseline 0.003 -22"><span class='ocrx_word' id='word_1_234' title='bbox 312 2815 371 2878; x_wconf 90' lang='lat' dir='ltr'><strong>tim</strong></span> <span class='ocrx_word' id='word_1_235' title='bbox 400 2824 481 2896; x_wconf 89' lang='lat' dir='ltr'><strong>acta,</strong></span> <span class='ocrx_word' id='word_1_236' title='bbox 496 2813 616 2878; x_wconf 88' lang='lat' dir='ltr'><strong>turbati</strong></span> <span class='ocrx_word' id='word_1_237' title='bbox 646 2835 740 2880; x_wconf 89' lang='lat' dir='ltr'><strong>cursu</strong></span> <span class='ocrx_word' id='word_1_238' title='bbox 768 2813 917 2880; x_wconf 86' lang='lat' dir='ltr'><strong>adversus</strong></span> <span class='ocrx_word' id='word_1_239' title='bbox 947 2817 1117 2880; x_wconf 87' lang='lat' dir='ltr'><strong>instructos</strong></span> <span class='ocrx_word' id='word_1_240' title='bbox 1138 2828 1171 2880; x_wconf 91' lang='lat' dir='ltr'><strong>et</strong></span> <span class='ocrx_word' id='word_1_241' title='bbox 1193 2827 1392 2900; x_wconf 77' lang='lat' dir='ltr'><strong>preparatas</strong></span> 
     </span>
    </p>
   </div>
   <div class='ocr_carea' id='block_1_3' title="bbox 235 2954 1395 4506">
    <p class='ocr_par' dir='ltr' id='par_1_3' title="bbox 235 2954 1395 4506">
     <span class='ocr_line' id='line_1_31' title="bbox 311 2954 1392 3018; baseline 0.002 -18"><span class='ocrx_word' id='word_1_242' title='bbox 311 2954 477 3014; x_wconf 70' lang='lat' dir='ltr'><strong>impetebatur.</strong></span> <span class='ocrx_word' id='word_1_243' title='bbox 513 2955 575 3004; x_wconf 76' lang='lat' dir='ltr'><strong>Tum</strong></span> <span class='ocrx_word' id='word_1_244' title='bbox 592 2955 670 3016; x_wconf 68' lang='lat' dir='ltr'><strong>iginus</strong></span> <span class='ocrx_word' id='word_1_245' title='bbox 687 2956 715 3002; x_wconf 81' lang='lat' dir='ltr'><strong>in</strong></span> <span class='ocrx_word' id='word_1_246' title='bbox 733 2957 832 3004; x_wconf 71' lang='lat' dir='ltr'><strong>cimm-</strong></span> <span class='ocrx_word' id='word_1_247' title='bbox 865 2956 952 3004; x_wconf 81' lang='lat' dir='ltr'><strong>Funde</strong></span> <span class='ocrx_word' id='word_1_248' title='bbox 972 2955 1050 3004; x_wconf 81' lang='lat' dir='ltr'><strong>medie</strong></span> <span class='ocrx_word' id='word_1_249' title='bbox 1068 2961 1106 3002; x_wconf 87' lang='lat' dir='ltr'><strong>est</strong></span> <span class='ocrx_word' id='word_1_250' title='bbox 1124 2957 1207 3018; x_wconf 90' lang='lat' dir='ltr'><strong>ipsum</strong></span> <span class='ocrx_word' id='word_1_251' title='bbox 1229 2955 1313 3002; x_wconf 78' lang='lat' dir='ltr'><strong>fundis</strong></span> <span class='ocrx_word' id='word_1_252' title='bbox 1336 2969 1392 3002; x_wconf 87' lang='lat' dir='ltr'><strong>me-</strong></span> 
     </span>
     <span class='ocr_line' id='line_1_32' title="bbox 310 3017 1390 3082; baseline 0.002 -18"><span class='ocrx_word' id='word_1_253' title='bbox 310 3020 403 3065; x_wconf 80' lang='lat' dir='ltr'><strong>ucts&#39;one</strong></span> <span class='ocrx_word' id='word_1_254' title='bbox 412 3017 498 3078; x_wconf 71' lang='lat' dir='ltr'><strong>funde</strong></span> <span class='ocrx_word' id='word_1_255' title='bbox 508 3019 604 3067; x_wconf 77' lang='lat' dir='ltr'><strong>intentis</strong></span> <span class='ocrx_word' id='word_1_256' title='bbox 613 3018 738 3082; x_wconf 71' lang='lat' dir='ltr'><strong>fluentibus</strong></span> <span class='ocrx_word' id='word_1_257' title='bbox 754 3034 833 3067; x_wconf 80' lang='lat' dir='ltr'><strong>muue-</strong></span> <span class='ocrx_word' id='word_1_258' title='bbox 865 3023 950 3076; x_wconf 77' lang='lat' dir='ltr'><strong>dium3</strong></span> <span class='ocrx_word' id='word_1_259' title='bbox 970 3021 1045 3068; x_wconf 89' lang='lat' dir='ltr'><strong>latius</strong></span> <span class='ocrx_word' id='word_1_260' title='bbox 1065 3021 1136 3076; x_wconf 90' lang='lat' dir='ltr'><strong>illud,</strong></span> <span class='ocrx_word' id='word_1_261' title='bbox 1156 3021 1197 3068; x_wconf 85' lang='lat' dir='ltr'><strong>eui</strong></span> <span class='ocrx_word' id='word_1_262' title='bbox 1216 3021 1294 3067; x_wconf 88' lang='lat' dir='ltr'><strong>telum</strong></span> <span class='ocrx_word' id='word_1_263' title='bbox 1311 3021 1390 3066; x_wconf 87' lang='lat' dir='ltr'><strong>sedet.</strong></span> 
     </span>
     <span class='ocr_line' id='line_1_33' title="bbox 311 3082 1395 3146; baseline 0 -16"><span class='ocrx_word' id='word_1_264' title='bbox 311 3082 357 3132; x_wconf 81' lang='lat' dir='ltr'><strong>bat.</strong></span> <span class='ocrx_word' id='word_1_265' title='bbox 392 3082 472 3139; x_wconf 81' lang='lat' dir='ltr'><strong>Quum</strong></span> <span class='ocrx_word' id='word_1_266' title='bbox 495 3097 551 3131; x_wconf 80' lang='lat' dir='ltr'><strong>vero</strong></span> <span class='ocrx_word' id='word_1_267' title='bbox 578 3083 680 3132; x_wconf 81' lang='lat' dir='ltr'><strong>altarum</strong></span> <span class='ocrx_word' id='word_1_268' title='bbox 706 3086 833 3132; x_wconf 70' lang='lat' dir='ltr'><strong>minuetur</strong></span> <span class='ocrx_word' id='word_1_269' title='bbox 866 3085 1395 3146; x_wconf 67' lang='lat' dir='ltr'><strong>Funaliaduoimpnrlsridenturexroly·</strong></span> 
     </span>
     <span class='ocr_line' id='line_1_34' title="bbox 310 3147 1393 3212; baseline 0.002 -18"><span class='ocrx_word' id='word_1_270' title='bbox 310 3147 596 3206; x_wconf 63' lang='lat' dir='ltr'><strong>inambdonmueidm</strong></span> <span class='ocrx_word' id='word_1_271' title='bbox 612 3156 705 3200; x_wconf 80' lang='lat' dir='ltr'><strong>amento</strong></span> <span class='ocrx_word' id='word_1_272' title='bbox 721 3150 831 3208; x_wconf 69' lang='lat' dir='ltr'><strong>runnu·</strong></span> <span class='ocrx_word' id='word_1_273' title='bbox 865 3153 908 3200; x_wconf 89' lang='lat' dir='ltr'><strong>bio</strong></span> <span class='ocrx_word' id='word_1_274' title='bbox 924 3151 1092 3212; x_wconf 72' lang='lat' dir='ltr'><strong>intelligenda,</strong></span> <span class='ocrx_word' id='word_1_275' title='bbox 1112 3163 1162 3198; x_wconf 88' lang='lat' dir='ltr'><strong>non</strong></span> <span class='ocrx_word' id='word_1_276' title='bbox 1190 3151 1239 3197; x_wconf 86' lang='lat' dir='ltr'><strong>duo</strong></span> <span class='ocrx_word' id='word_1_277' title='bbox 1267 3163 1298 3197; x_wconf 88' lang='lat' dir='ltr'><strong>ex</strong></span> <span class='ocrx_word' id='word_1_278' title='bbox 1321 3155 1393 3201; x_wconf 65' lang='lat' dir='ltr'><strong>utras</strong></span> 
     </span>
     <span class='ocr_line' id='line_1_35' title="bbox 310 3213 1392 3278; baseline -0.002 -17"><span class='ocrx_word' id='word_1_279' title='bbox 310 3217 338 3261; x_wconf 85' lang='lat' dir='ltr'><strong>ut</strong></span> <span class='ocrx_word' id='word_1_280' title='bbox 353 3214 423 3276; x_wconf 77' lang='lat' dir='ltr'><strong>glana</strong></span> <span class='ocrx_word' id='word_1_281' title='bbox 445 3228 458 3260; x_wconf 85' lang='lat' dir='ltr'><strong>e</strong></span> <span class='ocrx_word' id='word_1_282' title='bbox 470 3213 560 3276; x_wconf 79' lang='lat' dir='ltr'><strong>funda,</strong></span> <span class='ocrx_word' id='word_1_283' title='bbox 580 3213 713 3276; x_wconf 68' lang='lat' dir='ltr'><strong>fuebatur,</strong></span> <span class='ocrx_word' id='word_1_284' title='bbox 733 3219 756 3262; x_wconf 81' lang='lat' dir='ltr'><strong>st</strong></span> <span class='ocrx_word' id='word_1_285' title='bbox 779 3229 834 3261; x_wconf 79' lang='lat' dir='ltr'><strong>mun</strong></span> <span class='ocrx_word' id='word_1_286' title='bbox 865 3231 913 3278; x_wconf 91' lang='lat' dir='ltr'><strong>que</strong></span> <span class='ocrx_word' id='word_1_287' title='bbox 933 3221 1018 3276; x_wconf 76' lang='lat' dir='ltr'><strong>parte3</strong></span> <span class='ocrx_word' id='word_1_288' title='bbox 1044 3216 1088 3262; x_wconf 88' lang='lat' dir='ltr'><strong>sed</strong></span> <span class='ocrx_word' id='word_1_289' title='bbox 1105 3217 1229 3276; x_wconf 86' lang='lat' dir='ltr'><strong>utrimque</strong></span> <span class='ocrx_word' id='word_1_290' title='bbox 1250 3229 1341 3276; x_wconf 85' lang='lat' dir='ltr'><strong>unum,</strong></span> <span class='ocrx_word' id='word_1_291' title='bbox 1354 3215 1392 3260; x_wconf 84' lang='lat' dir='ltr'><strong>al-</strong></span> 
     </span>
     <span class='ocr_line' id='line_1_36' title="bbox 311 3277 1393 3342; baseline 0 -18"><span class='ocrx_word' id='word_1_292' title='bbox 311 3277 401 3338; x_wconf 83' lang='lat' dir='ltr'><strong>impetu</strong></span> <span class='ocrx_word' id='word_1_293' title='bbox 423 3277 538 3333; x_wconf 79' lang='lat' dir='ltr'><strong>incidens,</strong></span> <span class='ocrx_word' id='word_1_294' title='bbox 559 3279 671 3342; x_wconf 78' lang='lat' dir='ltr'><strong>quidquid</strong></span> <span class='ocrx_word' id='word_1_295' title='bbox 697 3280 834 3327; x_wconf 69' lang='lat' dir='ltr'><strong>incurrisset</strong></span> <span class='ocrx_word' id='word_1_296' title='bbox 866 3290 947 3328; x_wconf 87' lang='lat' dir='ltr'><strong>terum</strong></span> <span class='ocrx_word' id='word_1_297' title='bbox 958 3281 1063 3327; x_wconf 78' lang='lat' dir='ltr'><strong>brevius</strong></span> <span class='ocrx_word' id='word_1_298' title='bbox 1096 3279 1126 3327; x_wconf 89' lang='lat' dir='ltr'><strong>ln</strong></span> <span class='ocrx_word' id='word_1_299' title='bbox 1143 3281 1207 3326; x_wconf 85' lang='lat' dir='ltr'><strong>hanc</strong></span> <span class='ocrx_word' id='word_1_300' title='bbox 1222 3285 1332 3326; x_wconf 89' lang='lat' dir='ltr'><strong>mentem</strong></span> <span class='ocrx_word' id='word_1_301' title='bbox 1344 3291 1393 3324; x_wconf 79' lang='lat' dir='ltr'><strong>noa</strong></span> 
     </span>
     <span class='ocr_line' id='line_1_37' title="bbox 310 3343 1392 3405; baseline 0.003 -17"><span class='ocrx_word' id='word_1_302' title='bbox 310 3343 376 3390; x_wconf 73' lang='lat' dir='ltr'><strong>saus</strong></span> <span class='ocrx_word' id='word_1_303' title='bbox 391 3343 496 3392; x_wconf 64' lang='lat' dir='ltr'><strong>lambat.</strong></span> <span class='ocrx_word' id='word_1_304' title='bbox 529 3345 568 3391; x_wconf 84' lang='lat' dir='ltr'><strong>Ad</strong></span> <span class='ocrx_word' id='word_1_305' title='bbox 587 3347 623 3392; x_wconf 85' lang='lat' dir='ltr'><strong>rei</strong></span> <span class='ocrx_word' id='word_1_306' title='bbox 642 3345 718 3393; x_wconf 88' lang='lat' dir='ltr'><strong>totius</strong></span> <span class='ocrx_word' id='word_1_307' title='bbox 740 3345 833 3405; x_wconf 86' lang='lat' dir='ltr'><strong>plenio-</strong></span> <span class='ocrx_word' id='word_1_308' title='bbox 865 3347 960 3392; x_wconf 88' lang='lat' dir='ltr'><strong>ducunt</strong></span> <span class='ocrx_word' id='word_1_309' title='bbox 970 3347 1024 3392; x_wconf 84' lang='lat' dir='ltr'><strong>haee</strong></span> <span class='ocrx_word' id='word_1_310' title='bbox 1035 3345 1128 3405; x_wconf 81' lang='lat' dir='ltr'><strong>Polybii</strong></span> <span class='ocrx_word' id='word_1_311' title='bbox 1137 3346 1227 3391; x_wconf 77' lang='lat' dir='ltr'><strong>verber</strong></span> <span class='ocrx_word' id='word_1_312' title='bbox 1244 3358 1316 3404; x_wconf 74' lang='lat' dir='ltr'><strong>quum</strong></span> <span class='ocrx_word' id='word_1_313' title='bbox 1331 3343 1392 3391; x_wconf 71' lang='lat' dir='ltr'><strong>alit·</strong></span> 
     </span>
     <span class='ocr_line' id='line_1_38' title="bbox 309 3408 1392 3471; baseline 0.002 -17"><span class='ocrx_word' id='word_1_314' title='bbox 309 3421 363 3454; x_wconf 83' lang='lat' dir='ltr'><strong>rem</strong></span> <span class='ocrx_word' id='word_1_315' title='bbox 383 3410 572 3468; x_wconf 77' lang='lat' dir='ltr'><strong>expositionem,</strong></span> <span class='ocrx_word' id='word_1_316' title='bbox 591 3411 671 3458; x_wconf 81' lang='lat' dir='ltr'><strong>multe</strong></span> <span class='ocrx_word' id='word_1_317' title='bbox 690 3411 760 3460; x_wconf 76' lang='lat' dir='ltr'><strong>eden</strong></span> <span class='ocrx_word' id='word_1_318' title='bbox 778 3410 835 3470; x_wconf 77' lang='lat' dir='ltr'><strong>Lip-</strong></span> <span class='ocrx_word' id='word_1_319' title='bbox 865 3425 920 3456; x_wconf 85' lang='lat' dir='ltr'><strong>rum</strong></span> <span class='ocrx_word' id='word_1_320' title='bbox 937 3423 949 3456; x_wconf 83' lang='lat' dir='ltr'><strong>e</strong></span> <span class='ocrx_word' id='word_1_321' title='bbox 960 3408 1087 3471; x_wconf 73' lang='lat' dir='ltr'><strong>funalibus</strong></span> <span class='ocrx_word' id='word_1_322' title='bbox 1101 3411 1228 3458; x_wconf 71' lang='lat' dir='ltr'><strong>minuetur</strong></span> <span class='ocrx_word' id='word_1_323' title='bbox 1245 3410 1272 3458; x_wconf 77' lang='lat' dir='ltr'><strong>tu</strong></span> <span class='ocrx_word' id='word_1_324' title='bbox 1284 3408 1392 3456; x_wconf 56' lang='lat' dir='ltr'><strong>mutio·</strong></span> 
     </span>
     <span class='ocr_line' id='line_1_39' title="bbox 235 3471 1393 3536; baseline 0 -18"><span class='ocrx_word' id='word_1_325' title='bbox 235 3521 239 3529; x_wconf 63' lang='grc'><em>,</em></span> <span class='ocrx_word' id='word_1_326' title='bbox 309 3472 377 3522; x_wconf 78' lang='lat' dir='ltr'><strong>eiust</strong></span> <span class='ocrx_word' id='word_1_327' title='bbox 401 3476 538 3534; x_wconf 86' lang='lat' dir='ltr'><strong>exquibus</strong></span> <span class='ocrx_word' id='word_1_328' title='bbox 557 3487 635 3536; x_wconf 84' lang='lat' dir='ltr'><strong>pauca</strong></span> <span class='ocrx_word' id='word_1_329' title='bbox 653 3476 832 3534; x_wconf 86' lang='lat' dir='ltr'><strong>mutuabimur,</strong></span> <span class='ocrx_word' id='word_1_330' title='bbox 865 3489 909 3522; x_wconf 75' lang='lat' dir='ltr'><strong>uer</strong></span> <span class='ocrx_word' id='word_1_331' title='bbox 926 3473 1109 3536; x_wconf 79' lang='lat' dir='ltr'><strong>quaevidentur</strong></span> <span class='ocrx_word' id='word_1_332' title='bbox 1122 3471 1393 3530; x_wconf 70' lang='lat' dir='ltr'><strong>indicaraducomni·</strong></span> 
     </span>
     <span class='ocr_line' id='line_1_40' title="bbox 309 3537 1391 3600; baseline 0.002 -18"><span class='ocrx_word' id='word_1_333' title='bbox 309 3537 422 3597; x_wconf 90' lang='lat' dir='ltr'><strong>plurimis</strong></span> <span class='ocrx_word' id='word_1_334' title='bbox 440 3539 544 3588; x_wconf 89' lang='lat' dir='ltr'><strong>omissis.</strong></span> <span class='ocrx_word' id='word_1_335' title='bbox 577 3540 621 3586; x_wconf 84' lang='lat' dir='ltr'><strong>Ait</strong></span> <span class='ocrx_word' id='word_1_336' title='bbox 643 3539 729 3586; x_wconf 79' lang='lat' dir='ltr'><strong>Livius</strong></span> <span class='ocrx_word' id='word_1_337' title='bbox 750 3543 833 3586; x_wconf 81' lang='lat' dir='ltr'><strong>cestro·</strong></span> <span class='ocrx_word' id='word_1_338' title='bbox 866 3539 1328 3600; x_wconf 72' lang='lat' dir='ltr'><strong>notuissemnalia,quoruma1tesum</strong></span> <span class='ocrx_word' id='word_1_339' title='bbox 1340 3539 1391 3584; x_wconf 91' lang='lat' dir='ltr'><strong>sol·</strong></span> 
     </span>
     <span class='ocr_line' id='line_1_41' title="bbox 309 3601 1391 3662; baseline 0.002 -14"><span class='ocrx_word' id='word_1_340' title='bbox 309 3601 452 3661; x_wconf 73' lang='lat' dir='ltr'><strong>aphesdonsn</strong></span> <span class='ocrx_word' id='word_1_341' title='bbox 470 3605 516 3650; x_wconf 88' lang='lat' dir='ltr'><strong>hoc</strong></span> <span class='ocrx_word' id='word_1_342' title='bbox 536 3605 739 3650; x_wconf 77' lang='lat' dir='ltr'><strong>telumdictums</strong></span> <span class='ocrx_word' id='word_1_343' title='bbox 757 3609 831 3650; x_wconf 86' lang='lat' dir='ltr'><strong>recte.</strong></span> <span class='ocrx_word' id='word_1_344' title='bbox 866 3611 973 3662; x_wconf 86' lang='lat' dir='ltr'><strong>veretur,</strong></span> <span class='ocrx_word' id='word_1_345' title='bbox 993 3605 1070 3650; x_wconf 83' lang='lat' dir='ltr'><strong>altero</strong></span> <span class='ocrx_word' id='word_1_346' title='bbox 1089 3611 1193 3652; x_wconf 82' lang='lat' dir='ltr'><strong>retento.</strong></span> <span class='ocrx_word' id='word_1_347' title='bbox 1226 3603 1276 3650; x_wconf 83' lang='lat' dir='ltr'><strong>Gur</strong></span> <span class='ocrx_word' id='word_1_348' title='bbox 1302 3609 1391 3650; x_wconf 78' lang='lat' dir='ltr'><strong>autem</strong></span> 
     </span>
     <span class='ocr_line' id='line_1_42' title="bbox 310 3665 1391 3728; baseline 0.001 -14"><span class='ocrx_word' id='word_1_349' title='bbox 310 3665 365 3716; x_wconf 81' lang='lat' dir='ltr'><strong>Etsi</strong></span> <span class='ocrx_word' id='word_1_350' title='bbox 373 3668 399 3714; x_wconf 86' lang='lat' dir='ltr'><strong>in</strong></span> <span class='ocrx_word' id='word_1_351' title='bbox 411 3669 486 3716; x_wconf 81' lang='lat' dir='ltr'><strong>suida</strong></span> <span class='ocrx_word' id='word_1_352' title='bbox 495 3681 552 3728; x_wconf 85' lang='lat' dir='ltr'><strong>pers</strong></span> <span class='ocrx_word' id='word_1_353' title='bbox 562 3683 613 3716; x_wconf 88' lang='lat' dir='ltr'><strong>una</strong></span> <span class='ocrx_word' id='word_1_354' title='bbox 623 3669 689 3716; x_wconf 80' lang='lat' dir='ltr'><strong>vocis</strong></span> <span class='ocrx_word' id='word_1_355' title='bbox 700 3670 773 3716; x_wconf 83' lang='lat' dir='ltr'><strong>moda</strong></span> <span class='ocrx_word' id='word_1_356' title='bbox 784 3675 831 3726; x_wconf 86' lang='lat' dir='ltr'><strong>est,</strong></span> <span class='ocrx_word' id='word_1_357' title='bbox 865 3681 945 3716; x_wconf 87' lang='lat' dir='ltr'><strong>unum</strong></span> <span class='ocrx_word' id='word_1_358' title='bbox 964 3669 1062 3716; x_wconf 85' lang='lat' dir='ltr'><strong>brevius</strong></span> <span class='ocrx_word' id='word_1_359' title='bbox 1081 3669 1155 3716; x_wconf 83' lang='lat' dir='ltr'><strong>fuerit</strong></span> <span class='ocrx_word' id='word_1_360' title='bbox 1170 3669 1317 3727; x_wconf 63' lang='lat' dir='ltr'><strong>alteration</strong></span> <span class='ocrx_word' id='word_1_361' title='bbox 1329 3668 1391 3716; x_wconf 81' lang='lat' dir='ltr'><strong>satis</strong></span> 
     </span>
     <span class='ocr_line' id='line_1_43' title="bbox 309 3733 1391 3793; baseline 0.003 -17"><span class='ocrx_word' id='word_1_362' title='bbox 309 3736 405 3780; x_wconf 78' lang='lat' dir='ltr'><strong>oestrus.</strong></span> <span class='ocrx_word' id='word_1_363' title='bbox 437 3734 515 3793; x_wconf 89' lang='lat' dir='ltr'><strong>Atqui</strong></span> <span class='ocrx_word' id='word_1_364' title='bbox 536 3733 643 3780; x_wconf 83' lang='lat' dir='ltr'><strong>solitaria</strong></span> <span class='ocrx_word' id='word_1_365' title='bbox 662 3747 691 3778; x_wconf 83' lang='lat' dir='ltr'><strong>ee</strong></span> <span class='ocrx_word' id='word_1_366' title='bbox 712 3734 833 3779; x_wconf 83' lang='lat' dir='ltr'><strong>duntaxat</strong></span> <span class='ocrx_word' id='word_1_367' title='bbox 866 3733 1022 3792; x_wconf 89' lang='lat' dir='ltr'><strong>perspicuum</strong></span> <span class='ocrx_word' id='word_1_368' title='bbox 1039 3733 1108 3779; x_wconf 90' lang='lat' dir='ltr'><strong>nobis</strong></span> <span class='ocrx_word' id='word_1_369' title='bbox 1119 3740 1173 3780; x_wconf 78' lang='lat' dir='ltr'><strong>este</strong></span> <span class='ocrx_word' id='word_1_370' title='bbox 1195 3734 1242 3780; x_wconf 88' lang='lat' dir='ltr'><strong>nisi</strong></span> <span class='ocrx_word' id='word_1_371' title='bbox 1253 3733 1315 3781; x_wconf 87' lang='lat' dir='ltr'><strong>forte</strong></span> <span class='ocrx_word' id='word_1_372' title='bbox 1326 3733 1391 3779; x_wconf 89' lang='lat' dir='ltr'><strong>illud</strong></span> 
     </span>
     <span class='ocr_line' id='line_1_44' title="bbox 309 3797 1391 3858; baseline 0.001 -17"><span class='ocrx_word' id='word_1_373' title='bbox 309 3799 447 3844; x_wconf 72' lang='lat' dir='ltr'><strong>uersiculum</strong></span> <span class='ocrx_word' id='word_1_374' title='bbox 457 3806 482 3844; x_wconf 86' lang='lat' dir='ltr'><strong>et</strong></span> <span class='ocrx_word' id='word_1_375' title='bbox 493 3799 566 3844; x_wconf 88' lang='lat' dir='ltr'><strong>breve</strong></span> <span class='ocrx_word' id='word_1_376' title='bbox 575 3799 652 3844; x_wconf 86' lang='lat' dir='ltr'><strong>telum</strong></span> <span class='ocrx_word' id='word_1_377' title='bbox 662 3802 740 3843; x_wconf 84' lang='lat' dir='ltr'><strong>notat.</strong></span> <span class='ocrx_word' id='word_1_378' title='bbox 758 3797 832 3843; x_wconf 81' lang='lat' dir='ltr'><strong>Cont-</strong></span> <span class='ocrx_word' id='word_1_379' title='bbox 864 3799 930 3858; x_wconf 90' lang='lat' dir='ltr'><strong>quod</strong></span> <span class='ocrx_word' id='word_1_380' title='bbox 946 3811 1072 3844; x_wconf 84' lang='lat' dir='ltr'><strong>remanere</strong></span> <span class='ocrx_word' id='word_1_381' title='bbox 1082 3799 1185 3846; x_wconf 86' lang='lat' dir='ltr'><strong>debebat</strong></span> <span class='ocrx_word' id='word_1_382' title='bbox 1202 3799 1228 3844; x_wconf 91' lang='lat' dir='ltr'><strong>in</strong></span> <span class='ocrx_word' id='word_1_383' title='bbox 1243 3812 1319 3845; x_wconf 88' lang='lat' dir='ltr'><strong>mann</strong></span> <span class='ocrx_word' id='word_1_384' title='bbox 1331 3797 1391 3843; x_wconf 84' lang='lat' dir='ltr'><strong>fun-</strong></span> 
     </span>
     <span class='ocr_line' id='line_1_45' title="bbox 309 3862 1390 3924; baseline 0.002 -18"><span class='ocrx_word' id='word_1_385' title='bbox 309 3862 397 3922; x_wconf 86' lang='lat' dir='ltr'><strong>positio</strong></span> <span class='ocrx_word' id='word_1_386' title='bbox 409 3863 512 3912; x_wconf 82' lang='lat' dir='ltr'><strong>Liviana</strong></span> <span class='ocrx_word' id='word_1_387' title='bbox 529 3862 635 3911; x_wconf 85' lang='lat' dir='ltr'><strong>mixtum</strong></span> <span class='ocrx_word' id='word_1_388' title='bbox 647 3863 693 3910; x_wconf 88' lang='lat' dir='ltr'><strong>hoc</strong></span> <span class='ocrx_word' id='word_1_389' title='bbox 710 3863 832 3922; x_wconf 82' lang='lat' dir='ltr'><strong>compleo·</strong></span> <span class='ocrx_word' id='word_1_390' title='bbox 865 3863 959 3918; x_wconf 86' lang='lat' dir='ltr'><strong>ditoris,</strong></span> <span class='ocrx_word' id='word_1_391' title='bbox 977 3863 1033 3910; x_wconf 85' lang='lat' dir='ltr'><strong>ideo</strong></span> <span class='ocrx_word' id='word_1_392' title='bbox 1055 3864 1151 3924; x_wconf 79' lang='lat' dir='ltr'><strong>longius</strong></span> <span class='ocrx_word' id='word_1_393' title='bbox 1170 3870 1231 3918; x_wconf 86' lang='lat' dir='ltr'><strong>erat,</strong></span> <span class='ocrx_word' id='word_1_394' title='bbox 1250 3869 1278 3910; x_wconf 93' lang='lat' dir='ltr'><strong>ut</strong></span> <span class='ocrx_word' id='word_1_395' title='bbox 1297 3863 1390 3910; x_wconf 85' lang='lat' dir='ltr'><strong>certius</strong></span> 
     </span>
     <span class='ocr_line' id='line_1_46' title="bbox 310 3925 1392 3991; baseline 0.004 -21"><span class='ocrx_word' id='word_1_396' title='bbox 310 3925 380 3982; x_wconf 92' lang='lat' dir='ltr'><strong>titur,</strong></span> <span class='ocrx_word' id='word_1_397' title='bbox 392 3935 418 3974; x_wconf 87' lang='lat' dir='ltr'><strong>et</strong></span> <span class='ocrx_word' id='word_1_398' title='bbox 435 3927 507 3974; x_wconf 85' lang='lat' dir='ltr'><strong>telum</strong></span> <span class='ocrx_word' id='word_1_399' title='bbox 525 3925 630 3986; x_wconf 83' lang='lat' dir='ltr'><strong>efuuda</strong></span> <span class='ocrx_word' id='word_1_400' title='bbox 649 3927 754 3974; x_wconf 76' lang='lat' dir='ltr'><strong>mistum.</strong></span> <span class='ocrx_word' id='word_1_401' title='bbox 787 3926 832 3972; x_wconf 81' lang='lat' dir='ltr'><strong>Bi·</strong></span> <span class='ocrx_word' id='word_1_402' title='bbox 865 3928 943 3978; x_wconf 88' lang='lat' dir='ltr'><strong>tenen&#39;</strong></span> <span class='ocrx_word' id='word_1_403' title='bbox 952 3933 1040 3987; x_wconf 80' lang='lat' dir='ltr'><strong>posset.</strong></span> <span class='ocrx_word' id='word_1_404' title='bbox 1071 3925 1392 3991; x_wconf 75' lang='lat' dir='ltr'><strong>Majoresinuinterpreta·</strong></span> 
     </span>
     <span class='ocr_line' id='line_1_47' title="bbox 307 3989 1388 4058; baseline 0.003 -21"><span class='ocrx_word' id='word_1_405' title='bbox 307 3991 386 4048; x_wconf 81' lang='lat' dir='ltr'><strong>palme</strong></span> <span class='ocrx_word' id='word_1_406' title='bbox 406 3993 531 4052; x_wconf 79' lang='lat' dir='ltr'><strong>spiculum,</strong></span> <span class='ocrx_word' id='word_1_407' title='bbox 553 3992 579 4038; x_wconf 92' lang='lat' dir='ltr'><strong>id</strong></span> <span class='ocrx_word' id='word_1_408' title='bbox 604 3999 651 4048; x_wconf 84' lang='lat' dir='ltr'><strong>est,</strong></span> <span class='ocrx_word' id='word_1_409' title='bbox 674 3991 831 4052; x_wconf 83' lang='lat' dir='ltr'><strong>semipedale.</strong></span> <span class='ocrx_word' id='word_1_410' title='bbox 865 3998 906 4038; x_wconf 93' lang='lat' dir='ltr'><strong>tur</strong></span> <span class='ocrx_word' id='word_1_411' title='bbox 925 3991 1035 4052; x_wconf 86' lang='lat' dir='ltr'><strong>Lipsius,</strong></span> <span class='ocrx_word' id='word_1_412' title='bbox 1061 3989 1155 4054; x_wconf 78' lang='lat' dir='ltr'><strong>majore</strong></span> <span class='ocrx_word' id='word_1_413' title='bbox 1182 4006 1256 4053; x_wconf 88' lang='lat' dir='ltr'><strong>quam</strong></span> <span class='ocrx_word' id='word_1_414' title='bbox 1277 3995 1388 4058; x_wconf 72' lang='lat' dir='ltr'><strong>vulgatus</strong></span> 
     </span>
     <span class='ocr_line' id='line_1_48' title="bbox 310 4055 1391 4119; baseline -0.004 -13"><span class='ocrx_word' id='word_1_415' title='bbox 310 4056 357 4106; x_wconf 85' lang='lat' dir='ltr'><strong>Sed</strong></span> <span class='ocrx_word' id='word_1_416' title='bbox 369 4057 394 4103; x_wconf 93' lang='lat' dir='ltr'><strong>in</strong></span> <span class='ocrx_word' id='word_1_417' title='bbox 407 4059 493 4106; x_wconf 86' lang='lat' dir='ltr'><strong>Graeco</strong></span> <span class='ocrx_word' id='word_1_418' title='bbox 510 4058 556 4106; x_wconf 87' lang='lat' dir='ltr'><strong>hoc</strong></span> <span class='ocrx_word' id='word_1_419' title='bbox 568 4057 706 4106; x_wconf 84' lang='lat' dir='ltr'><strong>distinctius</strong></span> <span class='ocrx_word' id='word_1_420' title='bbox 724 4056 832 4119; x_wconf 85' lang='lat' dir='ltr'><strong>additur,</strong></span> <span class='ocrx_word' id='word_1_421' title='bbox 864 4057 948 4107; x_wconf 83' lang='lat' dir='ltr'><strong>fundae</strong></span> <span class='ocrx_word' id='word_1_422' title='bbox 967 4059 1056 4104; x_wconf 86' lang='lat' dir='ltr'><strong>habere</strong></span> <span class='ocrx_word' id='word_1_423' title='bbox 1072 4059 1160 4106; x_wconf 89' lang='lat' dir='ltr'><strong>solent.</strong></span> <span class='ocrx_word' id='word_1_424' title='bbox 1196 4055 1325 4107; x_wconf 80' lang='lat' dir='ltr'><strong>Postremo</strong></span> <span class='ocrx_word' id='word_1_425' title='bbox 1344 4071 1391 4104; x_wconf 88' lang='lat' dir='ltr'><strong>no·</strong></span> 
     </span>
     <span class='ocr_line' id='line_1_49' title="bbox 309 4121 1390 4186; baseline 0.006 -20"><span class='ocrx_word' id='word_1_426' title='bbox 309 4121 392 4180; x_wconf 81' lang='lat' dir='ltr'><strong>ipsum</strong></span> <span class='ocrx_word' id='word_1_427' title='bbox 401 4134 545 4170; x_wconf 84' lang='lat' dir='ltr'><strong>mucronem</strong></span> <span class='ocrx_word' id='word_1_428' title='bbox 562 4121 739 4183; x_wconf 70' lang='lat' dir='ltr'><strong>penituisse:</strong></span> <span class='ocrx_word' id='word_1_429' title='bbox 758 4121 832 4168; x_wconf 83' lang='lat' dir='ltr'><strong>aulis-</strong></span> <span class='ocrx_word' id='word_1_430' title='bbox 865 4123 968 4168; x_wconf 82' lang='lat' dir='ltr'><strong>tendum</strong></span> <span class='ocrx_word' id='word_1_431' title='bbox 979 4123 1056 4169; x_wconf 88' lang='lat' dir='ltr'><strong>estid</strong></span> <span class='ocrx_word' id='word_1_432' title='bbox 1075 4121 1279 4186; x_wconf 81' lang='lat' dir='ltr'><strong>quodsPolybio</strong></span> <span class='ocrx_word' id='word_1_433' title='bbox 1297 4123 1390 4173; x_wconf 78' lang='lat' dir='ltr'><strong>disens</strong></span> 
     </span>
     <span class='ocr_line' id='line_1_50' title="bbox 308 4185 1389 4250; baseline 0.003 -18"><span class='ocrx_word' id='word_1_434' title='bbox 308 4199 377 4240; x_wconf 87' lang='lat' dir='ltr'><strong>cum,</strong></span> <span class='ocrx_word' id='word_1_435' title='bbox 386 4187 438 4234; x_wconf 89' lang='lat' dir='ltr'><strong>sive</strong></span> <span class='ocrx_word' id='word_1_436' title='bbox 447 4186 571 4242; x_wconf 84' lang='lat' dir='ltr'><strong>tubulura,</strong></span> <span class='ocrx_word' id='word_1_437' title='bbox 582 4187 641 4234; x_wconf 89' lang='lat' dir='ltr'><strong>item</strong></span> <span class='ocrx_word' id='word_1_438' title='bbox 651 4186 735 4250; x_wconf 85' lang='lat' dir='ltr'><strong>palmi.</strong></span> <span class='ocrx_word' id='word_1_439' title='bbox 769 4185 833 4232; x_wconf 81' lang='lat' dir='ltr'><strong>Har·</strong></span> <span class='ocrx_word' id='word_1_440' title='bbox 865 4198 1008 4249; x_wconf 80' lang='lat' dir='ltr'><strong>expressum</strong></span> <span class='ocrx_word' id='word_1_441' title='bbox 1020 4186 1106 4234; x_wconf 89' lang='lat' dir='ltr'><strong>Livius</strong></span> <span class='ocrx_word' id='word_1_442' title='bbox 1116 4187 1211 4244; x_wconf 84' lang='lat' dir='ltr'><strong>omisit,</strong></span> <span class='ocrx_word' id='word_1_443' title='bbox 1228 4189 1259 4236; x_wconf 87' lang='lat' dir='ltr'><strong>de</strong></span> <span class='ocrx_word' id='word_1_444' title='bbox 1277 4194 1389 4248; x_wconf 85' lang='lat' dir='ltr'><strong>amento,</strong></span> 
     </span>
     <span class='ocr_line' id='line_1_51' title="bbox 308 4251 1389 4316; baseline 0.006 -20"><span class='ocrx_word' id='word_1_445' title='bbox 308 4251 534 4304; x_wconf 74' lang='lat' dir='ltr'><strong>tilercmicuba&#39;lulee</strong></span> <span class='ocrx_word' id='word_1_446' title='bbox 561 4251 663 4314; x_wconf 71' lang='lat' dir='ltr'><strong>Polybio</strong></span> <span class='ocrx_word' id='word_1_447' title='bbox 681 4251 831 4312; x_wconf 58' lang='lat' dir='ltr'><strong>nilamnion.</strong></span> <span class='ocrx_word' id='word_1_448' title='bbox 864 4265 913 4314; x_wconf 85' lang='lat' dir='ltr'><strong>quo</strong></span> <span class='ocrx_word' id='word_1_449' title='bbox 930 4253 1008 4302; x_wconf 89' lang='lat' dir='ltr'><strong>telum</strong></span> <span class='ocrx_word' id='word_1_450' title='bbox 1026 4252 1118 4298; x_wconf 86' lang='lat' dir='ltr'><strong>utiliter</strong></span> <span class='ocrx_word' id='word_1_451' title='bbox 1136 4252 1330 4316; x_wconf 82' lang='lat' dir='ltr'><strong>illigabatur,ne</strong></span> <span class='ocrx_word' id='word_1_452' title='bbox 1347 4267 1389 4302; x_wconf 71' lang='lat' dir='ltr'><strong>ce·</strong></span> 
     </span>
     <span class='ocr_line' id='line_1_52' title="bbox 310 4311 1389 4380; baseline 0.006 -19"><span class='ocrx_word' id='word_1_453' title='bbox 310 4311 438 4376; x_wconf 79' lang='lat' dir='ltr'><strong>Spithuma</strong></span> <span class='ocrx_word' id='word_1_454' title='bbox 448 4317 515 4364; x_wconf 86' lang='lat' dir='ltr'><strong>enim</strong></span> <span class='ocrx_word' id='word_1_455' title='bbox 525 4323 563 4364; x_wconf 89' lang='lat' dir='ltr'><strong>est</strong></span> <span class='ocrx_word' id='word_1_456' title='bbox 574 4315 737 4380; x_wconf 81' lang='lat' dir='ltr'><strong>dimidispars</strong></span> <span class='ocrx_word' id='word_1_457' title='bbox 745 4313 830 4370; x_wconf 90' lang='lat' dir='ltr'><strong>cubiti,</strong></span> <span class='ocrx_word' id='word_1_458' title='bbox 863 4317 932 4362; x_wconf 86' lang='lat' dir='ltr'><strong>deret</strong></span> <span class='ocrx_word' id='word_1_459' title='bbox 950 4316 977 4362; x_wconf 87' lang='lat' dir='ltr'><strong>in</strong></span> <span class='ocrx_word' id='word_1_460' title='bbox 994 4321 1086 4374; x_wconf 86' lang='lat' dir='ltr'><strong>rotatu,</strong></span> <span class='ocrx_word' id='word_1_461' title='bbox 1098 4321 1153 4368; x_wconf 78' lang='lat' dir='ltr'><strong>tum</strong></span> <span class='ocrx_word' id='word_1_462' title='bbox 1172 4325 1200 4365; x_wconf 88' lang='lat' dir='ltr'><strong>nt</strong></span> <span class='ocrx_word' id='word_1_463' title='bbox 1217 4318 1389 4368; x_wconf 82' lang='lat' dir='ltr'><strong>vehementius</strong></span> 
     </span>
     <span class='ocr_line' id='line_1_53' title="bbox 308 4381 1025 4442; baseline 0.001 -16"><span class='ocrx_word' id='word_1_464' title='bbox 308 4381 500 4441; x_wconf 82' lang='lat' dir='ltr'><strong>dodrenapedis·</strong></span> <span class='ocrx_word' id='word_1_465' title='bbox 530 4382 663 4430; x_wconf 78' lang='lat' dir='ltr'><strong>adduntur</strong></span> <span class='ocrx_word' id='word_1_466' title='bbox 677 4381 760 4442; x_wconf 70' lang='lat' dir='ltr'><strong>pinnas</strong></span> <span class='ocrx_word' id='word_1_467' title='bbox 771 4386 830 4434; x_wconf 83' lang='lat' dir='ltr'><strong>tres,</strong></span> <span class='ocrx_word' id='word_1_468' title='bbox 863 4381 1025 4430; x_wconf 84' lang='lat' dir='ltr'><strong>emitteretur.</strong></span> 
     </span>
     <span class='ocr_line' id='line_1_54' title="bbox 309 4443 830 4506; baseline 0 -14"><span class='ocrx_word' id='word_1_469' title='bbox 309 4458 371 4505; x_wconf 82' lang='lat' dir='ltr'><strong>quus</strong></span> <span class='ocrx_word' id='word_1_470' title='bbox 391 4443 492 4493; x_wconf 67' lang='lat' dir='ltr'><strong>Graecus</strong></span> <span class='ocrx_word' id='word_1_471' title='bbox 520 4453 605 4494; x_wconf 88' lang='lat' dir='ltr'><strong>monet</strong></span> <span class='ocrx_word' id='word_1_472' title='bbox 629 4446 729 4506; x_wconf 78' lang='lat' dir='ltr'><strong>eligno</strong></span> <span class='ocrx_word' id='word_1_473' title='bbox 747 4444 830 4498; x_wconf 74' lang='lat' dir='ltr'><strong>fuisse·</strong></span> 
     </span>
    </p>
   </div>
   <div class='ocr_carea' id='block_1_4' title="bbox 0 0 1564 4984">
    <p class='ocr_par' dir='ltr' id='par_1_4' title="bbox 0 0 1564 4984">
     <span class='ocr_line' id='line_1_55' title="bbox 0 0 1564 4984; baseline 0 2"><span class='ocrx_word' id='word_1_474' title='bbox 0 0 1564 4984; x_wconf 95' lang='lat' dir='ltr'><strong> </strong></span> 
     </span>
    </p>
   </div>
  </div>
 </body>
</html>
