3042 4980
289 272 420 348 rxxxo
455 213 462 338 Ῐ
642 265 984 346 uuAEuxrro.

289 473 381 546 dnm
400 467 562 546 eruditio
581 467 689 568 parit,
708 493 773 544 seu
791 468 916 568 potius
935 465 1056 544 inanis
1083 477 1123 544 et
1148 461 1378 568 intempesti-

289 613 338 662 va
356 584 580 692 eruditionis
598 583 817 659 ostentatio.
849 581 1086 683 Magnopere
1098 606 1187 695 ergo
1200 582 1375 666 cavimus,

289 717 337 778 ne
354 701 420 778 tali
437 699 623 798 farragine
639 694 928 804 defatigarernus
945 697 1137 774 lectorem.
1341 705 1342 714 ’

127 848 162 926 .¹⁰·
174 845 282 918 qoam
339 816 386 894 ln
402 817 570 905 historia,
590 813 660 890 etsi
678 811 883 914 primomm
910 807 1072 889 maxime
1098 824 1320 913 temporum,
1337 814 1379 882 ut

126 913 262 1024 3332ss
288 957 404 1032 snpra
429 929 606 1018 diximus
630 928 888 1006 narrationem
913 929 1067 1006 nimium
1093 925 1133 1005 in
1158 930 1270 1003 breve
1295 947 1376 1022 spa·

125 1041 276 1160 ,filfgl'i'ffff’
290 1046 385 1124 tium
403 1045 612 1122 coarctavit
628 1043 771 1133 Livius,
792 1055 829 1119 et
851 1045 1040 1122 ubeur'ma-
1062 1071 1102 1122 se
1129 1041 1310 1143 explendi
1335 1061 1378 1112 ea

125 1169 274 1282 effide·
291 1187 376 1262 quae
403 1161 468 1236 ille
494 1160 777 1260 praetermiserat
805 1186 852 1235 ex
877 1151 1068 1258 Dionysio
1095 1149 1377 1254 Plutarcboque

290 1278 445 1353 materia
463 1275 696 1362 ostendebat,
716 1274 806 1350 satis
824 1273 1023 1374 babuimus
1040 1301 1085 1350 ea
1107 1302 1190 1375 quae
1207 1293 1377 1350 necessa·

286 1392 339 1468 ria
367 1393 520 1468 omniuo
550 1400 667 1478 erant,
697 1401 735 1466 et
761 1391 921 1502 breviter
945 1392 1095 1499 tractari
1122 1397 1310 1495 poterant,
1339 1383 1377 1458 in

284 1507 386 1582 notis
404 1530 615 1606 exponere:
644 1506 693 1579 de
710 1503 858 1594 ceteris,
878 1506 909 1580 si
935 1505 1033 1582 levia
1053 1519 1170 1596 erant,
1190 1504 1375 1588 siluimus;

285 1622 496 1728 si'alicujus
515 1619 709 1708 momenti,
721 1619 928 1698 remisimus
940 1623 988 1698 ad
1004 1622 1108 1721 ipsos
1122 1625 1259 1698 fontes.
1287 1618 1376 1694 Non

284 1739 419 1814 eadem
436 1737 530 1812 ratio
550 1733 660 1810 nobis
679 1759 763 1810 esse
781 1733 861 1810 visa
879 1749 936 1811 est
953 1761 1095 1827 eorum,
1108 1737 1147 1812 in
1163 1738 1298 1837 quibus
1315 1729 1375 1804 Li-

93 1939 96 1947 ¹
131 1867 135 1884 ⁸
192 1896 196 1902 =
283 1853 384 1928 vium
404 1879 426 1928 a
442 1876 532 1927 vero
551 1850 740 1950 paulisper
756 1849 975 1939 abduxerat,
995 1852 1056 1927 vel
1072 1853 1231 1941 incuria,
1246 1847 1305 1924 vel
1321 1843 1374 1920 ui·

121 1973 276 2088 3353?
288 1968 382 2058 mins
404 1970 444 2042 in
469 1967 626 2065 patriam
645 1989 761 2040 amor.
815 1965 912 2042 Haec
931 1969 1031 2043 euim
1050 1967 1190 2058 omnia,
1209 1965 1374 2042 ubicnm·

119 2081 1000 2184 nuqmemequedeprehendimus,·arguendaesse
1007 2082 1283 2177 judicavimus:
1306 2097 1375 2152 nec

120 2175 242 2292 iiiiii*
285 2199 496 2300 quidquam
515 2209 578 2273 aut
596 2197 735 2285 utilius,
755 2209 825 2273 aut
839 2198 1047 2294 jucundius
1073 2199 1232 2274 cordato
1248 2189 1375 2270 lectori

286 2315 325 2390 iu
341 2314 443 2391 notis
459 2313 598 2390 nostris
615 2322 799 2400 occurret,
814 2338 929 2411 quam
947 2339 994 2388 ea
1010 2341 1096 2416 quae
1114 2309 1374 2392 emendandae,

186 2454 188 2462 ·
281 2427 499 2508 refellendae
526 2419 717 2526 iqterdum
743 2428 910 2506 Livianae
937 2431 1159 2508 narrationis
1185 2453 1317 2514 carisa,
1337 2421 1374 2506 in

282 2555 415 2648 quarta
434 2546 596 2622 maxime
616 2544 824 2643 quintaque
843 2545 1050 2620 decadibus
1067 2572 1115 2622 ex
1140 2544 1306 2646 Polybio
1323 2548 1395 2615 at·-

283 2662 447 2740 tulimus
934 2656 936 2662 ’

119 2798 247 2856 nutius.
334 2779 429 2864 Quae
447 2779 635 2878 pertinent
651 2779 700 2852 ad
718 2777 824 2867 ritus,
851 2780 968 2877 leges,
992 2778 1163 2856 instituta
1187 2769 1372 2856 militaria,

117 2864 265 2991 ἓξὲξ..
283 2917 404 2982 sacra,-
424 2893 651 2980 sacerdotia,
671 2893 920 2990 magistratus,
936 2894 1059 2970 sobrie
1072 2917 1227 2994 quoque
1241 2895 1371 2970 tracta·

90 3110 91 3114 Ἰ
117 3000 275 3108 ξζξᾞῗ
283 3009 419 3097 vimus,
438 3034 487 3084 ue
506 3018 570 3083 aut
588 3007 891 3084 desiderarentur
906 3035 951 3084 ea
969 3037 1052 3109 qnae
1079 3011 1128 3086 ad
1156 3011 1301 3088 Livium
1317 3002 1371 3076 jn.

117 3125 207 3188 “mut
281 3122 530 3221 telligendnm
548 3123 761 3198 necessaria
777 3149 860 3200 esse
878 3136 1050 3224 possent,
1064 3134 1129 3202 aut
1142 3137 1372 3227 supervacua

281 3240 365 3314 sine
391 3239 506 3314 modo
536 3239 802 3336 ingererentur.
857 3239 993 3340 Itaque
1016 3241 1054 3315 id
1082 3243 1185 3341 quod
1212 3235 1373 3318 maxime

278 3379 359 3430 rem
376 3379 683 3453 unamquamque
701 3354 938 3448 continebat,
955 3381 1068 3456 quam
1096 3356 1312 3434 brevissime
1328 3344 1369 3420 li·

280 3471 370 3559 cuit,
389 3470 604 3569 attigimus:
632 3469 841 3568 pleniorem
858 3470 1077 3564 hujusmodi
1094 3497 1216 3548 rernm
1243 3458 1387 3564 cogni-s

278 3587 423 3664 tionem
450 3584 631 3662 studiosis
657 3585 762 3685 large
791 3584 1088 3684 suppeditabunt
1114 3587 1305 3663 immense
1334 3581 1369 3650 el

277 3728 449 3792 nurnero,
468 3713 506 3778 et
523 3701 634 3790 mole,
656 3701 966 3778 doctissimorum
983 3701 1176 3780 bominum
1202 3702 1368 3798 disputa·

269 3820 412 3896 tiones.

111 3949 255 4010 senode·
328 3933 375 4009 In
392 3933 634 4033 ponderibus,
654 3931 825 4031 pecunia,
844 3929 1042 4023 mensuris,
1061 3933 1108 4008 ad
1128 3942 1367 4024 eorum‚q¹1ae
1484 3977 1485 3980 ¹

110 4015 381 4156 iiliw'apud
398 4074 471 4126 nos
488 4049 629 4125 suntin
651 4055 732 4139 usu,
751 4047 938 4126 rationem
964 4049 1160 4150 exigendis
1185 4071 1264 4125 non
1289 4057 1365 4140 per·

275 4161 500 4242 functoriam
519 4190 672 4265 operam
690 4164 943 4255 adhibuimus,
961 4176 1006 4242 ut
1028 4165 1109 4242 haec
1128 4163 1266 4249 omnia,
1285 4173 1366 4281 qdoe
1394 4230 1397 4240 .

271 4283 336 4384 qui
369 4306 522 4382 prorsus
558 4282 795 4380 ignoraverit,
825 4282 963 4382 hospes
1006 4293 1044 4358 et
1077 4280 1293 4383 peregrinus
1326 4285 1365 4342 ¹1¹
