3056 4976
338 165 380 220 is
660 185 662 191 ⁸
728 155 839 216 TlTi
870 154 1009 216 nturi
1035 181 1038 192 ’
1069 154 1076 204 ¹,

177 343 208 390 u.
216 342 246 390 c.
257 329 327 394 sas.¹
336 325 367 388 si
372 309 410 386 ¹ei
424 321 588 400 uideretur,
600 323 763 386 amiram
771 323 944 388 naduceret
953 322 989 386 ia
998 321 1156 407 Ligures.
1171 319 1173 326 ’
1189 319 1291 387 Simul
1305 317 1346 387 ex
1359 315 1400 396 lt,

176 409 245 486 12⁰5
260 414 312 459 ¹⁷⁷·
337 409 412 473 teris
426 407 576 486 consulis,
591 429 670 494 quas
681 407 724 475 tle
740 406 835 472 rebus
847 407 880 470 in
895 407 989 470 Istria
998 409 1093 488 gestis
1108 407 1283 493 scripserat,
1299 408 1332 472 in
1348 407 1399 474 bi·

175 474 328 596 &3¹:¹¹⁸ss
336 494 438 560 duum
459 493 649 578 supplicatio
665 493 804 558 decreta
847 492 890 559 Et
910 491 952 556 ab
972 492 1073 558 altero
1093 494 1223 559 consule
1237 493 1290 558 Ti.
1308 495 1400 559 Sem·

249 553 289 601 ⁸⁶⁸
335 579 450 665 pronio
463 579 497 644 ia
511 579 658 645 Sardinia
669 599 818 665 prospere
829 600 878 644 res
888 591 995 666 gestae.
1041 579 1225 647 Exercitum
1237 581 1271 644 in
1281 601 1396 666 agrum

335 665 511 738 samonum
541 666 702 731 iliensium
719 665 872 730 induxit.
917 663 1105 731 Balarorum
1135 687 1250 752 magna
1278 665 1399 732 auxilia

335 741 505 833 Iliensibus
532 765 695 816 venerant.
740 751 824 816 Cum
857 764 989 838 utraque
1016 764 1110 838 geute
1137 752 1234 840 signis
1262 751 1398 819 conlatis

333 838 489 903 conflixit.
510 837 570 902 fusi
591 836 753 926 fugatique
774 836 889 913 hostes,
909 836 1081 923 castrisque
1101 839 1203 902 exutis
1226 836 1398 904 duodecim

335 923 436 989 millia
449 929 642 989 armatorum
664 945 755 990 caesa.
802 922 933 989 Postero
954 923 1006 987 die
1027 945 1116 989 arum
1136 923 1219 988 lecta
1232 923 1345 1012 conjici
1360 924 1396 988 in

333 1032 481 1082 acervum
512 1010 607 1097 jussit
633 1010 754 1089 consul,
783 1029 970 1094 sacrumque
996 1009 1030 1074 id
1061 1009 1206 1075 vulcano
1235 1010 1397 1074 cremavit.

279 1099 286 1112 '
334 1097 497 1172 Victorem
519 1096 691 1162 exercitum
712 1097 745 1160 in
768 1094 902 1160 hiberna
923 1095 1078 1160 sociarum
1104 1095 1231 1162 urbium
1254 1095 1397 1162 reduxit.

126 1259 130 1266 Ι
335 1182 378 1249 Et
394 1183 607 1260 C.Claud1us,
623 1181 721 1248 literis
737 1179 789 1246 Ti.
806 1179 935 1246 Claudii
953 1193 985 1246 et
999 1182 1269 1248 senatusconsulto
1284 1175 1398 1268 accep·

232 1285 235 1292 ⁴
333 1281 380 1346 to,
394 1292 434 1336 es
455 1269 549 1336 istria
570 1269 708 1356 legiones
729 1268 762 1331 in
785 1267 921 1356 Ligures
941 1267 1129 1340 transduxit.
1173 1269 1228 1334 Ad
1249 1268 1397 1356 Sculten7

333 1376 409 1420 narn
436 1355 553 1420 flumen
583 1357 616 1419 in
641 1374 770 1438 campos
791 1353 948 1441 progressi
973 1366 1075 1419 castra
1094 1353 1254 1421 habebant
1271 1353 1396 1422 bostesss

171 1455 325 1512 utrumvis·
335 1441 386 1506 Ibi
400 1463 471 1506 cum
487 1440 537 1506 bis
550 1442 618 1506 acie
630 1439 826 1506 dimicatum.
849 1437 1030 1526 quindecim
1053 1440 1150 1504 millia
1165 1463 1263 1517 caesa;
1285 1439 1311 1480 ⁵¹
1320 1440 1395 1526 plus

171 1521 524 1614 ²¹⁸⁶¹⁸⁰⁶³⁰septingenti
545 1535 622 1592 aut¹
642 1527 677 1590 in
702 1526 827 1610 proelio,
841 1541 897 1590 aut
917 1527 950 1590 in
974 1525 1083 1591 castris
1098 1525 1246 1611 (names
1267 1548 1396 1613 quoque

173 1587 231 1638 ω’*
333 1626 513 1700 expugnata
528 1614 615 1693 sunt)
630 1614 733 1698 capti:
757 1627 788 1676 et
804 1613 893 1699 signa
915 1611 1064 1678 militaria
1079 1635 1176 1677 unum
1192 1626 1228 1678 et*
1259 1615 1395 1699 uinqua-

331 1699 420 1787 ginta
434 1713 535 1785 capta.
581 1701 722 1786 Ligures,
738 1699 880 1786 reliquiae
902 1697 1009 1776 caedb,
1024 1699 1056 1763 in
1071 1713 1194 1764 montes
1209 1637 1275 1765 rein
1299 1712 1395 1766 erunt

331 1785 465 1873 passim:
495 1785 723 1872 populantique
747 1797 936 1870 campestres
961 1806 1053 1872 agros
1078 1783 1199 1852 consuli
1224 1721 1313 1850 nulia
1339 1809 1394 1864 us·

330 1893 426 1960 quam
446 1871 662 1958 adparuerunt
681 1893 779 1937 arma.
824 1869 989 1950 Claudius,
1005 1871 1141 1936 duarum
1161 1872 1304 1960 gentium
1327 1893 1396 1936 uuo

331 1979 417 2024 anno
431 1958 542 2034 victor,
565 1958 697 2038 duabus,
712 1957 799 2043 quod
823 1977 897 2022 raro
917 1956 1005 2036 aliua
1028 1957 1062 2022 in
1086 1958 1252 2024 consulatu
1272 1959 1394 2043 pacatis

213 2077 216 2084 »
331 2045 502 2130 provinciis
519 2044 656 2109 Romam
668 2043 811 2115 revertit.

231 2134 236 2146 '
255 2135 261 2147 '
376 2130 476 2196 XIII.
502 2130 653 2218 Prodigia
666 2153 705 2195 eo
718 2151 804 2194 anno
817 2129 977 2209 nunciata.
999 2131 1033 2194 in
1046 2129 1253 2196 Crustumino
1266 2130 1293 2170 ⁵²
1301 2151 1392 2196 avem

331 2217 513 2304 sangualem
530 2222 636 2302 (quam
652 2215 779 2298 vocant)
793 2213 951 2281 ⁵isaurum
974 2216 1110 2302 lapidem
1134 2229 1236 2282 rostro
1260 2217 1394 2282 cecidis-

329 2322 372 2368 se.
413 2302 572 2370 “Bovem
586 2305 619 2368 in
636 2301 813 2388 Campania
826 2301 997 2368 locutumi.
1042 2303 1176 2380 Vaccam
1192 2303 1311 2368 aeneam
1330 2304 1393 2389 Sy-

275 2421 279 2428 ,
330 2389 449 2456 raeusis
473 2391 514 2456 ab
539 2391 654 2474 agresti
679 2404 781 2467 tauro,
797 2391 851 2475 qui
876 2411 990 2474 pecore
1008 2388 1194 2471 aberrasset,
1216 2388 1336 2466 initam,
1352 2411 1393 2453 ae

329 2477 449 2541 semine
462 2477 653 2562 adspersam.
698 2476 738 2541 In
755 2475 1060 2554 Crustuminodiem
1082 2497 1181 2540 unum
1203 2476 1236 2538 iu
1260 2477 1329 2560 ipso
1344 2475 1395 2540 lo·

329 2585 368 2626 co
383 2562 574 2647 supplicatio
588 2561 668 2626 fuit:
688 2577 721 2626 et
735 2563 768 2632 iu
784 2561 960 2646 Campania
981 2561 1038 2626 bos
1059 2560 1173 2626 alenda
1193 2561 1319 2646 publice
1332 2561 1392 2626 'da-

329 2661 380 2713 ta:
405 2651 703 2735 Syracusanumque
716 2646 897 2734 prodigium
917 2648 1090 2731 expiatum,
1107 2647 1199 2714 editis
1213 2649 1253 2713 ab
1268 2649 1394 2734 aruspi-

329 2733 419 2798 cibus
440 2735 523 2810 Diis,
545 2735 660 2818 quibus
678 2731 920 2816 supplicaretur.
967 2733 1115 2800 Pontifex
1137 2757 1182 2798 eo·
1197 2756 1283 2800 auno
1303 2755 1391 2798 mor-

304 2863 306 2866 -
328 2831 402 2884 tuus
418 2832 463 2885 est
479 2819 530 2885 M.
548 2819 699 2884 Claudius
721 2817 904 2897 Marcellus,
920 2819 973 2905 qui
996 2819 1106 2885 consul
1125 2842 1299 2907 censorque
1323 2820 1393 2886 fue·

330 2916 389 2970 rat.
411 2905 445 2969 iu
459 2906 526 2991 ejus
541 2905 645 2968 locum
660 2902 818 2970 subfectus
833 2917 881 2970 est
894 2905 1037 2989 pontifex
1050 2905 1135 2970 filius
1149 2908 1214 2994 ejus
1230 2906 1281 2972 M.
1298 2907 1391 2972 Mar·

168 3005 307 3071 masaia
331 2991 438 3056 cellas.
461 3007 493 3056 et
505 2990 532 3030 ⁵⁵
542 2991 667 3056 Lunam
688 2990 832 3056 colonia¹
847 2991 957 3056 eodem
980 3014 1066 3057 anno
1079 2993 1144 3058 duo
1159 2992 1258 3058 millia
1272 2993 1394 3058 cisium

166 3073 217 3136 ‘'l'‘
277 3077 552 3143 *Romanorum
574 3091 647 3142 suot
665 3077 812 3143 deducta.
857 3078 1031 3142 Triumviri
1046 3077 1258 3157 deduxerunt,
1276 3080 1312 3146 P.
1329 3079 1395 3146 AE-

330 3163 401 3241 lius,
412 3164 458 3228 .L.
476 3163 608 3252 Egilius,
626 3164 686 3229 Cn.
704 3164 849 3229 Sicinius.
873 3164 1096 3255 quinquagena
1109 3177 1142 3230 ct
1158 3165 1284 3254 ungula
1299 3166 1394 3252 juga-

330 3271 367 3316 ra
392 3262 424 3315 et
445 3256 586 3316 semisses
606 3251 674 3338 agri
689 3249 721 3314 in
742 3250 883 3338 singulos
898 3249 965 3315 dati
986 3266 1069 3315 sunt.
1092 3253 1130 3316 de
1145 3252 1266 3340 Ligure
1279 3253 1394 3338 captus

166 3361 261 3415 cludit
272 3359 316 3408 trt-
328 3336 356 3401 is
370 3357 446 3422 ager
460 3348 538 3412 erat.
582 3336 789 3402 Etruscorum
806 3350 891 3418 ante,
906 3337 1186 3430 quamoLigurum,
1202 3336 1313 3404 fuerat.
1353 3340 1393 3406 C.

167 3425 278 3490 artua
332 3421 486 3489 Claudius
499 3423 610 3488 consul
624 3423 666 3488 ad
680 3423 789 3488 urbem
803 3424 906 3488 seuit:
928 3424 990 3500 cui,
1003 3445 1101 3509 quum
1116 3425 1149 3488 in
1164 3438 1274 3490 senatu
1288 3424 1330 3490 de
1343 3449 1395 3492 re-

361 3562 376 3592 ¹
388 3560 573 3634 aetdelGroa.
586 3562 653 3608 Ores.
703 3559 831 3606 lineatam
840 3560 908 3608 cres.
957 3559 1074 3607 ”Luem
1082 3562 1197 3608 maniam
1206 3533 1279 3607 Gran.
1289 3549 1360 3610 Cres.

360 3680 390 3722 ⁵1
410 3673 471 3720 Plus
480 3669 639 3738 septingenti]
666 3673 704 3720 Sis
714 3673 760 3734 legi
767 3674 843 3732 Jussit
874 3675 913 3721 dei
927 3674 1044 3734 Termini,
1059 3675 1109 3722 sive
1123 3675 1259 3736 hujusmodi
1274 3675 1394 3738 lapidum,

329 3739 465 3786 Gronovius
481 3753 510 3784 cx
523 3739 587 3785 Livii
603 3751 736 3792 maranen
752 3741 842 3800 septin-
875 3739 921 3786 vid.
933 3741 997 3787 Piut
1008 3741 1034 3787 in
1045 3743 1132 3788 Numa
1324 3735 1328 3740 “
1370 3735 1393 3786 .’

327 3806 417 3866 geniis.
907 3810 937 3851 54
955 3805 1044 3852 noves
1066 3808 1093 3852 ia
1116 3806 1249 3867 Campania
1271 3801 1395 3870 aarum]

361 3875 393 3918 ὁὶ
410 3863 643 3930 Assmsangsatss]
660 3867 842 3928 Scribiturqus·
874 3867 954 3932 Vulgo
974 3873 1085 3918 batam.
1118 3871 1163 3918 Sed
1181 3872 1234 3918 Jac.
1252 3871 1391 3918 Gronovius

328 3947 375 3994 qus
386 3934 515 3995 scapulis.
547 3934 585 3979 De
595 3947 624 3978 es
633 3933 724 3979 Plinius
740 3933 842 3980 mentio·
874 3935 959 3982 maluit
975 3936 1089 3994 locutam,
1109 3939 1234 3998 propterea
1251 3937 1316 3996 quod
1334 3949 1390 3984 mox

329 4013 387 4062 naar
401 3999 460 4046 facit
478 3999 495 4046 l.
510 3998 542 4046 X.
554 4013 574 4044 a.
587 4005 609 4047 7·
627 3997 680 4044 vid.
696 4003 721 4044 et
736 3999 841 4046 Festum«
874 4000 981 4061 sequitur
991 4001 1041 4048 Bos
1052 4001 1137 4048 nicasia
1144 4001 1238 4062 publice
1248 4001 1316 4050 data.

328 4063 433 4114 Nomina
442 4068 539 4113 tantuna
551 4063 692 4117 nobisnots
700 4068 744 4111 est.
906 4069 937 4112 55
954 4063 1058 4131 Ιιιιιιπι]
1077 4067 1125 4114 Hic
1134 4066 1293 4114 Gronovisaa
1304 4065 1390 4116 editio-

334 4134 392 4176 .t³
408 4129 510 4176 tama
519 4124 634 4190 lapidera]
650 4129 842 4189 Aliqasmexiis
874 4143 916 4182 aas
939 4131 1028 4179 babeat
1049 4133 1160 4178 huam
1189 4132 1309 4188 mendose.
1342 4131 1389 4178 Vc·

327 4192 454 4252 lapidibus,
467 4207 524 4254 quos
540 4193 696 4247 terminandis
711 4194 843 4250 satamon*
873 4196 986 4248 tristiores
1011 4197 1140 4258 preferant
1159 4197 1261 4259 meam,
1284 4203 1309 4248 ei
1332 4210 1390 4246 son-

327 4257 507 4317 eonscersbsut,
523 4259 641 4306 ornabant
654 4258 760 4317 tionibus,
776 4259 841 4310 olivo
874 4262 947 4309 sentit
958 4259 1073 4322 Velleius,
1083 4257 1102 4310 l.‘
1111 4263 1131 4310 1.
1143 4277 1164 4310 c.
1179 4267 1218 4310 it.
1327 4307 1331 4314 .
1394 4317 1397 4326 ,

326 4323 460 4386 ungebant,
471 4327 517 4373 eto.
549 4324 587 4371 ns
602 4323 717 4386 raimone
732 4328 758 4370 et
773 4324 841 4372 cultu
1286 4337 1303 4346 ·’
