3042 4980
305 205 400 310 rant,
680 218 1027 304 nummum.

299 421 622 534 moradoiatigari
633 422 837 498 noluimus.
873 423 976 508 Quid
988 424 1089 498 enim
1100 423 1405 515 attineat,antea

305 537 582 627 itinerantem,
596 537 736 637 quibus
748 563 827 614 non
837 550 958 636 egeat,
971 563 1134 638 qumque
1144 543 1243 616 adeo
1252 555 1406 641 respuat

306 662 567 742 eraversetun
589 654 867 756 auteumcirca
880 653 1405 751 longnsdetinereverbornm

171 824 175 833 .
304 771 494 869 ambages,
512 769 551 845 in
568 767 613 845 ii·
630 769 742 844 rebus
760 794 857 868 quas
874 769 1033 844 breviter
1047 769 1207 846 indicari
1224 773 1316 847 sutis
1333 774 1404 864 sit3

305 895 371 965 unt
387 909 475 960 vero
492 909 696 984 seponere
712 909 798 982 quae
816 909 907 959 mox
926 895 1071 960 evertas
1088 909 1133 961 ae
1150 887 1328 962 refellant

356 1002 471 1078 Velut
487 1001 534 1076 ab
550 1001 642 1100 ipsis
659 998 788 1076 statim
805 999 933 1100 initiis,
951 1000 1017 1075 lib.
1037 999 1135 1076 Livii
1154 1002 1186 1076 Ι.
1206 1027 1291 1101 cap.
1315 1014 1346 1078 l.
1366 1004 1407 1078 in

303 1118 386 1194 hmo
403 1119 527 1204 verba,
541 1115 689 1194 AEneon
708 1173 717 1190 .
738 1172 748 1189 .
769 1172 778 1190 .
796 1118 837 1191 in
853 1114 1025 1192 Siciliam
1040 1119 1223 1194 delutum:
1246 1119 1294 1194 ob
1306 1117 1407 1197 Siei-

304 1235 493 1312 tractasse
519 1233 741 1310 Laurentem
767 1257 899 1334 agrum
928 1235 1093 1328 tenuisse,
1125 1233 1208 1308 haeo
1240 1235 1409 1311 occurrit

306 1349 488 1426 Gronovii
513 1358 630 1426 nota:
668 1360 690 1391 ‘⁶
711 1345 802 1424 Sero
824 1349 988 1446 positum
1012 1349 1074 1423 Iric
1098 1350 1244 1425 uidetur
1266 1350 1405 1428 classe.

306 1477 331 1510 “
352 1463 467 1542 Num
481 1477 518 1542 et
543 1466 584 1538 in
607 1462 862 1546 Macedonium
885 1463 1010 1538 classe
1030 1466 1142 1552 uenit,
1163 1477 1199 1540 et
1223 1465 1348 1542 classe
1367 1471 1408 1542 iu

307 1593 332 1626 “
352 1581 525 1660 Siciliam
541 1591 594 1656 est
611 1581 762 1656 deintus.
797 1578 953 1679 Augeat
968 1581 1203 1678 suspiciam
1219 1585 1351 1681 scripti
1367 1586 1409 1658 in

308 1705 329 1742 “
345 1697 477 1797 quidus
492 1696 748 1793 omnibtufere
761 1694 883 1769 classe
896 1693 947 1768 nd
962 1693 1204 1783 Laurentem,
1216 1698 1274 1772 vel
1284 1698 1409 1772 classe

306 1825 331 1860 “
350 1839 395 1890 ac
413 1812 653 1888 Laurentem.
712 1810 808 1890 Vide
823 1837 909 1886 num
916 1808 1066 1912 feurit:
1091 1810 1141 1885 ab
1159 1809 1291 1886 Sicilia
1308 1813 1407 1887 clas·

248 1967 250 1970 ·
306 1943 329 1977 ‘⁴
348 1955 431 2004 sem
456 1929 686 2004 Laurentem
713 1952 843 2028 agrum
869 1925 1048 2008 tenuisse.
1099 1926 1168 2004 Sin
1189 1927 1254 2003 tib.
1276 1927 1407 2003 XXI.

161 2097 163 2104 ,
306 2059 330 2091 ‘⁶
350 2045 504 2122 Novem
521 2045 812 2146 quinqueremes
831 2043 1002 2142 Liparas,
1023 2054 1114 2119 octo
1131 2043 1296 2120 insulam
1313 2043 1409 2119 Vul-

306 2175 331 2208 “
348 2160 436 2238 oeni
453 2170 667 2237 tenuerunt.
703 2161 795 2236 Lib.
812 2157 1016 2234 XXXII.
1035 2157 1174 2233 Utrum
1186 2157 1409 2235 Leucadem

305 2291 329 2322 “
347 2301 393 2364 ac
411 2276 535 2353 sinum
560 2277 810 2354 Ambracium
836 2275 1014 2352 oneranae
1041 2275 1263 2350 tenuissent.
1316 2275 1410 2362 Lm.

300 2405 331 2462 .“
351 2391 521 2470 XLIV.
548 2393 710 2470 Postero
725 2393 787 2469 die
803 2417 920 2492 quum
938 2391 1086 2490 Sybota
1103 2391 1237 2468 classis
1254 2391 1412 2468 tenuit.'’

306 2509 458 2586 Patrem
476 2507 618 2586 deinde
634 2509 777 2607 exeipit
800 2509 911 2596 filius,
930 2519 969 2582 et
994 2507 1145 2605 prolixa
1169 2507 1411 2608 horribilique

305 2623 577 2723 disputatione,
604 2649 720 2723 quam
749 2622 894 2700 vitandi
923 2623 1026 2698 taedii
1052 2649 1169 2699 causa
1196 2625 1412 2701 exscribere

305 2739 609 2837 supersedemus,
628 2739 789 2836 probare
804 2737 936 2814 nititur
952 2740 1157 2836 legendum
1173 2765 1269 2831 esse,
1283 2743 1331 2816 ab
1347 2742 1413 2818 Si·

304 2856 395 2932 cilia
411 2879 558 2942 masse,
576 2880 621 2930 ue
639 2855 863 2932 Laurentem
878 2881 1011 2956 agrurn
1027 2858 1193 2932 tenuisse.

356 2969 398 3044 Si
423 2969 510 3068 quis
536 2981 664 3046 tamen
690 2971 845 3071 paulum
871 2972 1084 3060 attenderit,
1104 2971 1217 3048 tacite
1239 2971 1413 3048 animod-

305 3094 424 3162 vertet
440 3085 533 3162 nihil
553 3085 614 3162 hic
632 3087 843 3164 mutatione
858 3087 938 3163 ullu
964 3112 1062 3186 opus
1088 3113 1182 3177 esse,
1200 3113 1272 3164 neo
1290 3090 1414 3166 since-

305 3223 387 3276 ram
405 3203 522 3278 modo
538 3227 623 3280 esse
640 3203 875 3302 scripturam,
893 3204 963 3278 sed
989 3229 1149 3302 sensum
1167 3204 1412 3306 perspicuum

306 3328 346 3396 et
363 3320 595 3417 expeditum.
647 3321 765 3407 Quod
789 3319 946 3421 quidem
971 3342 1042 3394 nos
1063 3319 1167 3394 brevi
1186 3322 1259 3397 hac
1277 3323 1415 3398 notula

308 3436 593 3512 demonstrasse
610 3435 851 3523 confidimus,
865 3434 905 3509 in
920 3458 998 3532 qua
1012 3459 1102 3509 cum
1115 3434 1189 3512 levi
1202 3437 1415 3514 Gronovia-

307 3577 440 3640 narum
464 3552 770 3648 conjecturarum
796 3551 999 3640 mentione,
1017 3561 1062 3627 ut
1087 3577 1153 3628 eus
1179 3575 1296 3630 eausa
1321 3579 1413 3654 eog-

308 3668 390 3746 nitn
406 3668 566 3764 rejectas
585 3693 608 3742 a
625 3667 736 3744 nobis
754 3692 839 3742 esse
855 3668 978 3742 lector
993 3679 1222 3758 moneretur,
1240 3671 1335 3768 quid
1361 3673 1414 3747 de

308 3783 393 3886 ipsa
409 3811 450 3860 re
475 3784 697 3871 sentiamm,
714 3783 848 3882 paneis
875 3781 999 3859 verbis
1026 3785 1269 3882 exponimus.
1324 3787 1415 3864 Ideo

309 3903 477 3980 observat
494 3901 631 3978 Liviae
646 3900 799 3976 AEnean
816 3902 864 3976 ab
881 3896 1012 3976 Sicilia
1034 3901 1156 3978 classe
1183 3903 1414 3984 Laurentem

163 4047 166 4054 ¹
311 4041 445 4114 agrum
461 4015 641 4107 tenuisse,
651 4027 695 4091 ut
705 4018 842 4092 iudicet
852 4017 1224 4096 eumuuaabSioiliu
1235 4022 1275 4094 in
1281 4021 1414 4120 proni-

262 4585 287 4636 Ι

310 4158 371 4210 mu
389 4134 514 4210 Itniice
527 4125 791 4234 transgressum
802 4137 962 4234 pedestri
973 4136 1101 4210 deinde
1109 4137 1240 4212 itinere
1247 4139 1300 4210 ud
1307 4135 1414 4210 Inu-
1504 4123 1505 4128 ¹

201 4252 204 4260 ’
310 4261 447 4328 rentem
461 4275 596 4352 agnum
606 4253 822 4349 peremisse,
840 4254 905 4328 sed
917 4263 1016 4328 recto
1032 4275 1140 4328 curm
1156 4251 1204 4327 ub
1215 4250 1352 4328 Sicilia
1365 4255 1418 4330 nd

313 4363 514 4444 Laurentis
530 4367 619 4466 agni
634 4367 763 4475 littore
779 4367 933 4444 mettin
949 4368 1108 4445 delutum
1115 4369 1249 4465 fuisse.
1295 4365 1415 4444 Hunc
