3120 4984
336 199 393 257 140
733 190 847 252 ΤΙΤΙ
876 193 1011 252 LlVll

170 379 198 426 u,
212 357 319 432 csscsss
330 361 394 426 tris
406 379 507 443 prope
529 359 576 422 ito
597 359 721 422 conlata
740 379 810 436 esse,
832 357 1009 446 ntflnmine
1027 357 1151 442 Enipea
1169 355 1329 444 interjecto
1348 378 1405 423 ar·

170 441 306 492 10169·
330 457 466 512 ceantur.
488 467 584 529 neque
597 466 697 529 regem
706 447 875 529 pugnandi
889 454 1072 528 patestatem
1079 445 1205 530 facere,
1221 467 1276 509 nec
1289 448 1405 512 nostris

330 536 390 600 uim
405 535 450 596 ad
461 534 625 616 cogendum
634 553 704 596 esse.
739 533 880 596 Hiemem
895 533 988 596 etiam
1003 553 1145 615 asperam
1159 531 1246 596 rebus
1256 534 1405 616 gerendis

329 620 539 697 interuenisse,
557 620 591 682 in
613 620 677 682 atio
698 621 825 682 militem
846 619 903 693 ali,
919 640 974 681 nec
987 621 1062 700 plus
1083 639 1174 704 qnam
1190 637 1243 683 sec
1259 619 1301 656 i*
1313 617 1400 704 'ssim

329 717 457 772 mentum
471 706 591 770 lohere.
637 703 842 770 Macedonum
864 706 929 768 dici
948 707 1083 790 triginta
1097 707 1198 770 millia
1213 715 1403 770 armatorum

330 815 400 860 esse.
445 793 482 858 Si
506 792 569 878 Ap.
592 792 724 856 Claudio
746 794 830 856 circa
852 791 1045 877 [peticionem
1067 794 1145 856 sutis
1169 793 1291 858 ualidus
1314 815 1402 856 eaer-

330 883 408 946 citns
419 880 521 965 foret,
544 880 683 962 potuisse
704 879 839 962 ancipiti
852 878 930 942 lello
955 877 980 916 ¹⁶
988 879 1149 942 distinere¹
1172 901 1290 964 regem:
1321 899 1405 943 nnnc

331 978 361 1032 et
372 969 517 1051 Appium,
530 975 561 1029 et
574 967 656 1050 qnod
668 986 734 1029 cum
744 987 780 1028 eo
789 967 937 1047 presidii
945 968 997 1043 sit,
1008 965 1044 1029 in
1054 984 1166 1030 summo
1173 968 1316 1048 pericnlo
1327 987 1402 1043 esse,

329 1055 395 1119 nisi
401 1075 538 1138 propere
547 1049 712 1136 outjnstns
722 1053 871 1116 coercitus
881 1073 917 1116 eo
926 1054 1079 1129 mittatur,
1090 1061 1145 1116 cat
1157 1054 1208 1116 illi
1219 1054 1292 1116 inde
1306 1054 1401 1117 dedu·

330 1151 453 1206 cuntur.
483 1139 538 1204 Ad
550 1141 673 1203 classem
687 1161 719 1203 se
734 1161 772 1202 ec
785 1140 896 1202 cestris
904 1139 1071 1224 prefectos,
1082 1139 1230 1203 sociorum
1242 1141 1401 1204 nacoliam

323 1237 449 1311 portem
463 1227 565 1291 morbo
579 1227 701 1290 audisse
721 1225 905 1300 absumtam3
922 1236 1057 1308 portem,
1073 1227 1204 1290 manime
1225 1228 1281 1310 qni
1295 1247 1333 1289 ee
1347 1227 1399 1291 Si·
1455 1305 1461 1314 ι

330 1315 548 1399 ciliofaerint,
564 1314 666 1376 domos
679 1312 869 1392 meschine,
881 1313 1056 1376 etlomines
1070 1313 1198 1377 namins
1212 1314 1322 1378 deesse.
1345 1313 1403 1396 qni

329 1403 404 1480 sint,
415 1421 511 1485 neque
518 1400 703 1481 stipendium
717 1401 876 1484 accepisse,
888 1421 985 1484 neque
994 1401 1171 1463 uestimenta
1182 1399 1301 1464 labere.
1332 1401 1406 1464 Em*

329 1509 442 1552 menen
466 1488 648 1568 classemque
668 1483 741 1569 ejus
765 1495 919 1569 tamqnam
939 1495 1030 1550 uento
1058 1487 1185 1550 adletas
1206 1503 1309 1563 naues,
1333 1488 1404 1550 sine

329 1595 437 1638 caussa
458 1582 489 1638 et
510 1573 634 1649 venisse,
651 1582 681 1635 et
702 1571 817 1636 abisse.-
839 1593 894 1635 nec
915 1572 1049 1636 animum
1096 1569 1103 1586 '
1154 1573 1239 1658 regis
1259 1581 1403 1638 constare

328 1662 406 1726 sotis
420 1661 525 1725 uisum.
571 1658 661 1723 Sicut
682 1658 790 1722 omnis
810 1657 853 1722 de
866 1657 1011 1723 Eumene
1032 1657 1077 1723 du
1101 1658 1141 1736 is,
1158 1657 1295 1724 ¹⁷Atnli
1308 1675 1427 1748 egre·''

328 1747 382 1834 gie
396 1746 592 1811 constantem
608 1743 703 1809 fidem
720 1745 925 1809 nunciabant.

168 1855 192 1902 s.
205 1857 234 1903 c.
246 1855 277 1902 dc
373 1832 471 1898 XXI.
496 1831 625 1916 Legatis
647 1831 771 1908 auditis,
787 1842 864 1895 tunc
884 1831 926 1898 de
947 1830 1033 1896 bello
1053 1829 1171 1896 referre
1192 1851 1259 1896 sese
1280 1829 1322 1896 L.
1337 1829 1402 1896 ΙΕ-

165 1919 305 1980 temaopo-
330 1919 436 1986 milius
457 1918 549 1984 dixit.
596 1918 732 1983 Senatus
753 1918 904 1996 decrevit,
919 1929 954 1982 ut
968 1921 1003 1982 in
1017 1916 1119 1983 ¹⁸octo
1139 1919 1273 2004 legiones
1287 1939 1402 2004 parem

164 1989 228 2033 '⁸⁸⁸¹'
328 2029 483 2072 nnmerum
511 2005 703 2070 tribunorum
730 2007 865 2069 eonmles
892 2015 922 2069 et
945 2005 1079 2088 populns
1106 2015 1268 2070 crearent.-
1297 2007 1403 2072 creari

328 2103 429 2159 antem
444 2093 592 2158 nerninem
615 2114 650 2154 eo
672 2111 756 2154 anno
773 2093 911 2174 placere,
934 2093 997 2156 nisi
1015 2093 1070 2176 qni
1089 2092 1231 2156 tortorem
1248 2094 1400 2178 gessisset.

332 2181 410 2246 Tum
433 2203 471 2245 ea
492 2177 629 2243 omnibto
649 2177 783 2243 tribunis
803 2179 933 2243 militnm
956 2180 1006 2242 uti
1024 2179 1065 2243 L.
1089 2178 1241 2244 AEniIins
1260 2181 1295 2243 in
1320 2181 1420 2244 duas.

326 2269 462 2353 legiones
485 2267 520 2330 in
540 2263 770 2342 Macedoniam,
791 2285 864 2350 qnos
883 2287 984 2329 eornm
1003 2266 1087 2342 uelit,
1103 2267 1212 2350 eligat,
1228 2276 1258 2330 et
1276 2275 1321 2343 ut,
1337 2267 1399 2330 sol·

326 2356 421 2419 lemni
439 2354 630 2419 Latinarum
647 2352 797 2437 perfecto,
819 2353 861 2416 L.
877 2353 1024 2416 AEmilins
1045 2354 1157 2428 consul,
1176 2353 1233 2417 Cn.
1251 2351 1401 2419 Octavius

262 2441 265 2450 '
320 2451 454 2528 pretor,
476 2441 527 2505 cui
550 2440 657 2504 classis
681 2439 848 2524 obtigisset,
879 2441 914 2503 in
935 2440 1132 2524 prooimiom
1148 2441 1400 2522 proficiscantur.

327 2527 467 2594 Additus
482 2540 530 2592 est
548 2523 598 2590 bis
620 2526 731 2590 tertius
747 2525 786 2589 L.
803 2525 937 2589 Anicius
958 2536 1088 2611 praetor,
1104 2526 1195 2611 cujus
1210 2527 1293 2590 inter
1306 2547 1400 2612 pere·

367 2617 436 2680 inos
452 2611 634 2700 jurisdictio
652 2622 732 2677 eret.
759 2633 832 2676 eum
852 2611 885 2674 in
908 2610 1105 2697 provinciam
1125 2611 1291 2698 Illyricum
1312 2613 1399 2678 circe

326 2637 534 2789 llychnidom
550 2699 616 2783 Ap.
634 2695 772 2762 Claudio
793 2697 962 2762 succedere
976 2698 1106 2784 placuit.
1151 2698 1306 2764 Deiectus
1320 2720 1401 2766 curn

328 2789 368 2855 C.
385 2787 512 2852 Licinio
526 2783 652 2850 consuli
671 2785 819 2868 inposite.
841 2784 867 2848 is
890 2799 1010 2870 septem
1030 2784 1130 2850 millia
1149 2786 1265 2850 civium
1282 2787 1402 2852 Romo·

327 2896 444 2939 norum
468 2884 500 2936 et
518 2871 640 2958 equites
659 2872 813 2936 ducentos
833 2871 971 2936 scribere
990 2872 1095 2958 jussus
1102 2896 1112 2949 3
1135 2884 1167 2937 et
1186 2873 1279 2938 sociis
1294 2874 1400 2937 nomi-

327 2962 377 3026 nis
403 2959 512 3026 Latini
534 2971 656 3042 septem
677 2957 776 3022 millis
797 2957 941 3042 peditum
964 2959 1129 3043 imperare,
1149 2959 1399 3062 quadringentos

326 3048 448 3136 equites
455 3069 464 3124 ;
499 3056 532 3111 et
558 3044 656 3110 ¹⁹Cn.
685 3043 821 3110 Servilio
838 3045 986 3110 'Gelliam
1017 3044 1174 3111 obtinenti
1200 3047 1397 3132 provinciam

326 3134 434 3201 literas
460 3133 597 3213 mittere,
622 3142 659 3196 ut
683 3144 851 3197 sexcentos
878 3134 1000 3218 equites
1025 3131 1250 3198 conscriberet.
1296 3132 1399 3200 Hunc

326 3223 500 3286 exercitum
520 3219 562 3284 ad
584 3218 740 3306 collegam
760 3219 868 3304 primo
892 3239 1020 3306 quoqne
1045 3231 1190 3306 tempore
1216 3220 1341 3286 mittere
1364 3221 1399 3285 in

328 3307 558 3385 Macedoniam
575 3307 693 3392 jussus.
715 3327 819 3390 neque
832 3307 866 3370 in
882 3327 919 3370 es
940 3304 1104 3392 provincia
1118 3306 1190 3393 plus
1204 3327 1300 3394 quam
1316 3306 1397 3373 duas

213 3439 216 3448 ·
326 3395 468 3484 legiones
482 3416 567 3470 esse3
590 3415 642 3458 eas
664 3391 792 3477 repleri,
808 3405 845 3457 ut
864 3413 941 3456 sens
962 3392 1063 3457 millia
1084 3393 1240 3479 peditum,
1255 3406 1401 3459 trecenos

327 3482 481 3548 baberent
495 3480 629 3568 equites.
651 3491 773 3543 ceteros
787 3479 908 3564 equites
919 3479 1108 3566 peditesque
1122 3481 1155 3545 in
1166 3479 1321 3566 praesidiis
1332 3481 1398 3546 dis·

326 3570 414 3656 poni.
435 3568 489 3656 qui
512 3588 624 3634 eorum
643 3564 752 3632 idonei
770 3565 810 3630 nd
832 3565 1033 3632 militandum
1055 3588 1121 3632 non
1136 3581 1250 3646 essent,
1265 3567 1397 3634 dimitti.

359 3723 430 3788 kpro
440 3726 561 3774 uterinis
571 3724 663 3772 duram
673 3723 789 3772 exhibent
800 3723 876 3771 Gron.
887 3725 956 3772 cren.
968 3729 994 3772 st
1004 3723 1071 3784 prior
1080 3723 1180 3784 quidem
1191 3723 1287 3771 uncinis
1299 3736 1348 3772 non
1359 3723 1401 3771 ina

326 3795 435 3843 elusum.
497 3786 627 3838 leucum
637 3790 707 3838 cxcv.

327 3937 386 3972 nem
402 3921 591 3970 Gronoviansm.
625 3921 702 3970 Prisci
718 3920 778 3968 editi
791 3931 851 3982 pro-
876 3927 1059 3969 enumercntur.
1079 3919 1128 3968 Sed
1139 3921 1400 3982 proterendum-edi

327 3991 402 4036 merit.
876 3991 979 4046 possunt
993 3985 1186 4034 omnesones
1221 3985 1284 4034 vid.
1293 3986 1398 4035 natast

364 4053 395 4100 16
410 4051 542 4116 Dictimrt]
553 4051 635 4114 Vulgo
644 4051 766 4100 erasme.
789 4049 849 4098 Mu·
877 4045 1099 4100 edmundi.

329 4119 392 4166 tevit
404 4119 551 4166 Gronovius.
684 4133 694 4152 ·
761 4163 763 4168 ,
911 4115 943 4164 19
959 4117 1003 4164 οη.
1014 4113 1129 4178 Seruilio]
1159 4115 1250 4164 Prioris
1263 4116 1322 4162 unni
1338 4127 1400 4163 σω·

363 4182 395 4230 17
411 4178 503 4244 Attali]
529 4179 610 4230 Scribe
620 4194 679 4230 cnm
689 4183 777 4230 οοᾶιιιι
786 4181 849 4230 Gro-
876 4181 935 4240 nui,
945 4182 998 4243 qui,
1009 4187 1038 4229 ut
1047 4181 1133 4228 abac
1140 4182 1194 4230 loco
1201 4180 1329 4236 discimus.
1340 4193 1397 4242 pro-

328 4247 411 4304 novio,
423 4249 459 4294 lta
469 4247 556 4296 Anatt
847 4277 849 4284 ·
876 4252 962 4307 rogato
978 4246 1154 4299 excomm
1172 4246 1275 4308 imperto
1287 4245 1397 4293 Gallim

363 4310 395 4362 18
414 4306 593 4376 omnesones]
614 4309 644 4358 ln
657 4325 686 4361 ee
701 4325 757 4374 qun
767 4313 848 4374 sertui·
877 4311 1012 4359 obtincbnt.
1325 4345 1329 4352 .

328 4381 370 4426 tur
380 4375 506 4438 hainoum
518 4376 681 4436 damiane
695 4388 739 4424 sex
749 4381 850 4428 traam
