3120 4984
342 208 398 266 14⁸
727 203 840 264 TlTl
873 203 1014 264 LIVll

179 376 211 428 tt.
220 378 248 426 c.
260 377 316 434 stt
341 389 397 453 spe
410 367 563 455 dejectus,
578 370 774 434 Antenorem
788 382 821 433 et
833 367 1017 454 Callippum
1031 365 1199 454 proel'ectot
1213 365 1320 432 elassis
1334 387 1409 434 cum

178 443 316 518 ΜΝ·
340 455 557 544 quadraginta
578 454 691 520 lembis
718 456 863 548 (adjectae
885 455 929 520 ad
954 453 1042 520 hunc
1070 475 1241 520 numerum
1264 453 1410 540 quinque

340 541 453 626 pristes
473 541 579 622 erant)
600 542 770 608 Tenedum
791 541 888 608 mittit
895 566 906 619 3
927 540 999 606 ⁵¹ut
1019 540 1095 606 inde
1120 562 1240 626 sparsae
1262 561 1323 626 per
1341 541 1410 627 Cy·

341 627 447 692 clades
466 629 585 694 insulas
606 651 712 706 naves,
729 627 955 696 Macedoniam
977 649 1051 693 cum
1072 627 1233 693 frumento
1253 638 1411 713 petentes,
1473 704 1476 710 ¹

340 727 531 782 tutarentur.
576 716 783 782 Cassandrea
797 715 945 781 deductae
959 737 1054 780 nares
1073 715 1107 779 in
1123 728 1236 800 portus
1256 715 1409 799 primum,

341 803 398 889 qui
411 801 471 866 sub
481 803 570 870 Atho
581 817 690 869 monte
700 815 784 881 sunt,
798 802 873 868 inde
888 801 1056 868 Tenedum
1072 800 1199 888 placido
1215 801 1296 866 mari
1333 822 1412 866 uum

340 888 546 974 trajecissent,
562 903 679 956 stantes
700 891 733 954 in
755 903 852 974 portu
876 889 1021 955 Rhodias
1042 901 1167 974 apertas
1191 910 1286 954 nares
1301 823 1414 952 hluda-

339 997 492 1063 mumque
520 975 707 1061 praefectum
736 999 855 1054 esrum,
877 976 1087 1054 &inviolatae
1113 987 1208 1062 atque
1232 975 1327 1040 etiam
1353 973 1412 1038 be·

339 1064 437 1150 aigne
461 1062 640 1148 adpellatos
662 1064 857 1129 dimiserunt.
909 1063 1049 1151 Cognito
1073 1062 1200 1139 deinde,
1222 1060 1290 1126 ⁶⁴in
1312 1061 1414 1127 latere

339 1147 440 1215 altero
489 1151 697 1240 uinquagiuta
726 1151 886 1216 onerarias
919 1171 1058 1227 suarum,
1082 1149 1238 1214 stantibus
1268 1149 1301 1213 in
1327 1148 1411 1213 ostio

338 1250 451 1322 portus
466 1174 622 1303 humenis
647 1238 800 1315 rostratis,
816 1238 931 1322 quibus
952 1237 1088 1301 Damius
1107 1247 1255 1322 praeerat,
1270 1233 1409 1302 inclusas

338 1345 422 1401 esse3
445 1324 702 1407 ⁵⁵circumvectif
716 1345 860 1409 propere,
883 1345 920 1388 ac
945 1323 1100 1388 submotis
1125 1336 1247 1388 terrore
1269 1321 1411 1388 hostium

338 1411 485 1488 navibus,
501 1411 671 1490 onerarias,
687 1411 779 1489 datis,
796 1412 851 1511 qui
872 1422 1148 1496 prosequerentur,
1164 1411 1272 1474 decem
1283 1408 1409 1487 lembis,

281 1557 283 1560 .
337 1498 371 1562 in
386 1496 613 1563 Macedoniam
629 1499 780 1563 mittunt:
803 1511 850 1562 tta
871 1511 907 1563 ut
927 1497 997 1561 ⁵⁸in
1021 1508 1126 1562 tutum
1148 1496 1308 1581 prosecuti
1323 1495 1409 1560 redi-

337 1598 410 1650 rent
426 1583 606 1650 Tenedum.
652 1585 748 1650 Nono
767 1597 841 1671 post
854 1583 907 1649 die
921 1584 963 1648 ad
977 1583 1119 1660 classem,
1131 1583 1198 1670 jam
1215 1582 1256 1646 ad
1273 1582 1408 1670 Sigeum

339 1681 487 1749 stantem,
497 1672 675 1738 redierunt.'
703 1671 783 1736 lnde
795 1671 916 1736 Subota
927 1670 1046 1753 (insula
1057 1681 1104 1736 est
1118 1670 1282 1755 interjecta
1290 1669 1409 1734 Elaeaa⁸

267 1777 272 1786 ·
338 1769 371 1823 et
386 1758 489 1841 Atho)
505 1759 676 1845 trajiciunt.
722 1759 820 1823 Forte
833 1769 961 1843 postero
976 1758 1036 1836 die,
1072 1779 1145 1822 uam
1163 1757 1286 1822 Subota
1300 1755 1411 1821 classis

338 1845 450 1922 tenuit,
466 1845 608 1932 quinque
631 1859 663 1911 et
684 1844 817 1932 triginta
838 1865 944 1921 naves,
961 1866 1039 1931 quas
1050 1781 1265 1932 1hippagogos
1279 1855 1409 1921 vocant,

338 1931 379 1995 ab
410 1931 501 1998 Elaea
525 1932 678 2017 profectae
704 1951 778 1997 cum
800 1931 958 2018 equitibus
979 1930 1082 1997 Gallis
1097 1932 1257 2018 equisque,
1280 1929 1409 1996 Phanas

233 2023 237 2032 ⁴
292 2021 294 2028 '
337 2021 594 2102 promontorium
626 2018 782 2084 Chiorum
818 2018 978 2103 petebant,
1007 2017 1093 2082 unde
1129 2017 1345 2082 transmittere
1373 2016 1409 2080 ia

339 2104 568 2172 Macedoniam
598 2119 736 2193 possent.
793 2105 905 2170 Attalo
934 2107 980 2192 ab*
1005 2103 1150 2170 Eumene
1187 2103 1407 2168 mittebantur.

338 2191 412 2258 Has
427 2214 522 2258 naves
536 2215 594 2277 per
609 2192 805 2262 altumferri
825 2213 924 2279 quum
940 2214 979 2256 ex
993 2190 1122 2277 specula
1147 2191 1172 2254 si
1220 2213 1274 2256 um
1297 2192 1406 2255 datum

337 2280 496 2346 Antenori
511 2293 601 2360 esset,
616 2280 776 2366 profectus
798 2302 818 2344 a
841 2278 984 2360 Subotis,
999 2279 1082 2344 iuter
1101 2277 1182 2365 Eryt
1207 2299 1313 2342 rarum
1330 2300 1407 2362 pro-

335 2369 532 2432 montorium
550 2367 751 2455 Chiumque,
773 2390 836 2454 qua
859 2366 1050 2431 artissimum
1071 2364 1189 2430 fretum
1208 2376 1268 2443 est,
1288 2365 1327 2429 iis
1349 2364 1407 2429 ob·

335 2454 443 2520 currit.
491 2453 582 2520 Nihil
598 2457 703 2520 minus
725 2455 856 2519 'credere
875 2452 1020 2538 praelecti
1035 2451 1200 2529 Eumenis,
1216 2474 1313 2538 quam
1330 2451 1406 2516 Ma·

337 2541 497 2607 redonum
520 2542 651 2607 classem
666 2543 700 2606 in
717 2541 771 2605 illo
786 2541 896 2624 vagari
915 2539 1013 2605 mari:
1037 2561 1124 2606 nunc
1140 2539 1305 2604 Romanos
1325 2559 1405 2616 esse,

336 2649 424 2692 nunc
451 2626 608 2708 Attalum,
626 2641 682 2692 aut
706 2628 854 2692 remissos
879 2626 1067 2714 aliquos·cb
1091 2625 1205 2691 Attalo
1226 2649 1267 2690 ex
1287 2626 1408 2692 :castris

339 2714 494 2779 Romanis
524 2714 718 2800 Pergamum
748 2725 865 2800 petere.
922 2713 985 2778 Sed
1016 2735 1116 2798 quam
1138 2714 1208 2798 jsm
1233 2712 1409 2798 adpropin-

234 2825 237 2832 ⁴
337 2802 504 2888 quantium
526 2801 629 2865 sonna
650 2801 828 2864 lemborum
852 2799 938 2864 haud
961 2799 1059 2864 dubis
1079 2813 1169 2876 esset,
1185 2812 1217 2865 et
1236 2800 1409 2864 concitatio

336 2906 510 2964 remorum,
527 2887 720 2974 directoeque
743 2888 786 2952 in.¹
799 2909 831 2951 se
853 2909 970 2972 proras,
984 2886 1126 2951 ⁵⁷hostes
1148 2886 1408 2976 adpropinquare

337 2973 550 3057 aperuissent3
587 2987 664 3039 tunc
694 2975 810 3061 injecta
833 2974 1003 3060 trepidatio
1028 2985 1086 3052 est,
1110 2995 1209 3060 quum
1239 2973 1408 3054 resistendi

338 3081 409 3146 spes
432 3061 521 3126 nulla
542 3075 633 3141 esset,
653 3060 851 3163 inhabilique
871 3062 1000 3125 navium
1022 3080 1149 3148 genere,
1172 3073 1204 3125 et
1224 3059 1325 3125 Gallis
1348 3061 1405 3125 vix

333 3147 1213 3322 -ttttihlt¹tltlt{.hltl.,.itt⁸.tt¹th.tl
1235 3167 1410 3318 tritt

338 3321 432 3400 detis,
447 3324 486 3386 sd
504 3322 623 3388 Chium
644 3343 739 3389 naves
754 3285 889 3408 'ejecere
904 3321 1201 3408 relictisqueequis,
1215 3319 1315 3385 effusis
1328 3319 1409 3410 fuga

403 3480 578 3528 tcircurspectis
588 3479 657 3528 Crev.
740 3479 826 3528 ”Eleae
837 3479 914 3526 Gron.
998 3482 1010 3510 ¹
1021 3478 1169 3540 Erythrarum
1179 3478 1255 3526 Gron.
1267 3476 1337 3526 Crer.

289 3607 293 3616 ’
369 3615 402 3662 52
421 3613 453 3662 Ut
464 3613 518 3661 tude
533 3613 630 3676 morso]
649 3611 754 3660 Videtur
770 3611 859 3659 melius
890 3616 1050 3661 ocrmnmotr'r
1066 3613 1227 3672 emcrripso,
1243 3622 1319 3670 quem
1337 3612 1412 3660 adve-

336 3682 448 3728 futurum
460 3681 548 3740 sparsi,
561 3684 590 3725 ut
610 3678 729 3725 referatur
747 3679 780 3724 ad
795 3691 857 3737 prae·
891 3677 985 3726 niente
992 3675 1139 3741 injecerunt,
1150 3677 1251 3724 hortium
1261 3674 1369 3725 naribus

335 3747 412 3793 lectos
420 3746 570 3806 classemque
578 3745 660 3804 potius
670 3755 746 3803 quam
756 3742 788 3789 ad
797 3742 859 3802 pris·
923 3743 955 3790 56
970 3743 1004 3789 Iu
1018 3738 1108 3805 tutum]
1123 3741 1191 3791 Olim
1205 3744 1288 3788 imum·
1321 3739 1414 3788 limen-

335 3817 381 3857 tes.
413 3839 415 3843 .
890 3805 1090 3870 darit'sigonius.

370 3875 644 3935 sermonemque
668 3873 739 3919 etium
760 3870 859 3934 margin
923 3871 955 3920 ot
971 3871 1058 3920 Home
1088 3872 1275 3934 appropinquare
1305 3870 1412 3934 apernit¹

335 3939 471 4003 appellator]
507 3941 573 4001 Lege
610 3937 738 3990 inuiolatos,
770 3949 858 3998 nempe
890 3937 952 4000 rent]
974 3935 1120 4000 conjecture
1133 3936 1250 3985 Turnsbi.
1283 3937 1354 3984 Prius
1376 3937 1412 3983 lc*

336 4006 479 4053 Eudamum
507 4011 648 4066 ceterosque
674 4001 782 4050 Rhodios
814 4001 857 4062 qui
889 4004 991 4066 gebatur
1006 4005 1159 4064 apparuisset.
1187 4001 1412 4063 Quodsiquisre·

335 4076 405 4117 erant
415 4071 441 4116 in
453 4071 563 4116 naribus.
800 4099 802 4104 ·
889 4065 1054 4127 tinere'velit,
1075 4069 1140 4129 legat
1159 4071 1182 4114 et
1200 4067 1354 4114 mediatione
1372 4079 1409 4112 n·

335 4145 339 4154 ’
367 4135 401 4182 54
416 4133 728 4197 Inlotereattrr011nsulae
736 4132 837 4180 Tenedi.
885 4145 987 4192 mum,
1001 4132 1138 4194 durumque
1152 4135 1180 4180 in
1197 4143 1221 4178 rt
1234 4132 1317 4192 proris
1333 4131 1410 4180 herm

367 4199 399 4245 55
417 4200 595 4263 Oirmmoeetir]
612 4199 676 4247 Aliae
686 4199 804 4244 editiones
811 4198 855 4244 hu·
885 4201 1072 4260 appropinquare
1082 4199 1241 4258 apparuisset.

334 4265 394 4310 bent
415 4266 588 4319 circumuectus,
609 4265 664 4311 alla
681 4265 853 4310 circumvectos.
919 4259 951 4311 ΒΘ
969 4260 1203 4325 unumunurn]
1222 4259 1407 4310 stelionum

336 4329 382 4374 Sed
399 4329 477 4374 cuivis
493 4334 559 4387 patet
578 4330 708 4388 legendum
720 4340 787 4374 esser
804 4329 853 4374 eir·
886 4327 979 4377 Porum
985 4329 1083 4390 locuples
1093 4329 1223 4376 continente
1232 4327 1295 4390 ripn.

334 4394 445 4438 commoti
460 4393 571 4450 praelecti
584 4393 667 4438 classis
679 4392 852 4448 Macedonicae,
