<?xml version="1.0" encoding="UTF-8"?>
<!DOCTYPE html PUBLIC "-//W3C//DTD XHTML 1.0 Transitional//EN"
    "http://www.w3.org/TR/xhtml1/DTD/xhtml1-transitional.dtd">
<html xmlns="http://www.w3.org/1999/xhtml" xml:lang="en" lang="en">
 <head>
  <title>
</title>
<meta http-equiv="Content-Type" content="text/html;charset=utf-8" />
  <meta name='ocr-system' content='tesseract 3.04.00' />
  <meta name='ocr-capabilities' content='ocr_page ocr_carea ocr_par ocr_line ocrx_word'/>
</head>
<body>
  <div class='ocr_page' id='page_1' title='image "./tliviipatavinih03crevgoog_0106.png"; bbox 0 0 3056 4976; ppageno 0'>
   <div class='ocr_carea' id='block_1_1' title="bbox 368 201 1235 278">
    <p class='ocr_par' dir='ltr' id='par_1_1' title="bbox 368 201 1235 278">
     <span class='ocr_line' id='line_1_1' title="bbox 368 201 1235 278; baseline 0.008 -20"><span class='ocrx_word' id='word_1_1' title='bbox 368 241 394 258; x_wconf 62' lang='grc'><strong>,,</strong></span> <span class='ocrx_word' id='word_1_2' title='bbox 420 203 482 262; x_wconf 86' lang='lat' dir='ltr'><strong>nn</strong></span> <span class='ocrx_word' id='word_1_3' title='bbox 511 201 848 278; x_wconf 82' lang='lat' dir='ltr'><strong>rounnaraus,</strong></span> <span class='ocrx_word' id='word_1_4' title='bbox 873 203 928 264; x_wconf 70' lang='lat' dir='ltr'><strong>se.</strong></span> <span class='ocrx_word' id='word_1_5' title='bbox 1167 208 1235 266; x_wconf 69' lang='lat' dir='ltr'><strong>aon</strong></span> 
     </span>
    </p>
   </div>
   <div class='ocr_carea' id='block_1_2' title="bbox 16 349 1379 3919">
    <p class='ocr_par' dir='ltr' id='par_1_2' title="bbox 134 349 1325 539">
     <span class='ocr_line' id='line_1_2' title="bbox 176 349 1325 457; baseline 0.001 -23"><span class='ocrx_word' id='word_1_6' title='bbox 176 365 226 434; x_wconf 88' lang='lat' dir='ltr'><strong>Ut</strong></span> <span class='ocrx_word' id='word_1_7' title='bbox 234 366 335 456; x_wconf 66' lang='lat' dir='ltr'><strong>igitur</strong></span> <span class='ocrx_word' id='word_1_8' title='bbox 343 365 486 452; x_wconf 73' lang='lat' dir='ltr'><strong>pondera</strong></span> <span class='ocrx_word' id='word_1_9' title='bbox 498 365 647 432; x_wconf 74' lang='lat' dir='ltr'><strong>Romam</strong></span> <span class='ocrx_word' id='word_1_10' title='bbox 655 368 695 431; x_wconf 77' lang='lat' dir='ltr'><strong>ad</strong></span> <span class='ocrx_word' id='word_1_11' title='bbox 708 369 896 434; x_wconf 80' lang='lat' dir='ltr'><strong>nostratium</strong></span> <span class='ocrx_word' id='word_1_12' title='bbox 906 379 1050 434; x_wconf 82' lang='lat' dir='ltr'><strong>normam</strong></span> <span class='ocrx_word' id='word_1_13' title='bbox 1060 370 1225 457; x_wconf 78' lang='lat' dir='ltr'><strong>exigeren—</strong></span> <span class='ocrx_word' id='word_1_14' title='bbox 1322 349 1325 364; x_wconf 38' lang='grc' dir='ltr'>ι</span> 
     </span>
     <span class='ocr_line' id='line_1_3' title="bbox 134 444 867 539; baseline 0.001 -20"><span class='ocrx_word' id='word_1_15' title='bbox 134 465 195 531; x_wconf 87' lang='lat' dir='ltr'><strong>tur,</strong></span> <span class='ocrx_word' id='word_1_16' title='bbox 212 454 285 518; x_wconf 77' lang='lat' dir='ltr'><strong>haeo</strong></span> <span class='ocrx_word' id='word_1_17' title='bbox 299 444 393 518; x_wconf 85' lang='lat' dir='ltr'><strong>nobis</strong></span> <span class='ocrx_word' id='word_1_18' title='bbox 407 454 461 517; x_wconf 83' lang='lat' dir='ltr'><strong>vio·</strong></span> <span class='ocrx_word' id='word_1_19' title='bbox 470 453 632 539; x_wconf 79' lang='lat' dir='ltr'><strong>sequenda</strong></span> <span class='ocrx_word' id='word_1_20' title='bbox 645 453 715 520; x_wconf 83' lang='lat' dir='ltr'><strong>fuit.</strong></span> <span class='ocrx_word' id='word_1_21' title='bbox 865 513 867 520; x_wconf 93' lang='lat'><em>.</em></span> 
     </span>
    </p>

    <p class='ocr_par' dir='ltr' id='par_1_3' title="bbox 129 541 1226 801">
     <span class='ocr_line' id='line_1_4' title="bbox 174 541 1226 629; baseline 0 -22"><span class='ocrx_word' id='word_1_22' title='bbox 174 541 293 607; x_wconf 81' lang='lat' dir='ltr'><strong>Uooiae</strong></span> <span class='ocrx_word' id='word_1_23' title='bbox 309 541 467 606; x_wconf 74' lang='lat' dir='ltr'><strong>Romana</strong></span> <span class='ocrx_word' id='word_1_24' title='bbox 485 547 535 604; x_wconf 78' lang='lat' dir='ltr'><strong>la.</strong></span> <span class='ocrx_word' id='word_1_25' title='bbox 550 553 643 623; x_wconf 88' lang='lat' dir='ltr'><strong>pares</strong></span> <span class='ocrx_word' id='word_1_26' title='bbox 653 556 728 606; x_wconf 85' lang='lat' dir='ltr'><strong>sunt</strong></span> <span class='ocrx_word' id='word_1_27' title='bbox 740 541 840 606; x_wconf 85' lang='lat' dir='ltr'><strong>unciis</strong></span> <span class='ocrx_word' id='word_1_28' title='bbox 851 542 1045 608; x_wconf 72' lang='lat' dir='ltr'><strong>nostratibus</strong></span> <span class='ocrx_word' id='word_1_29' title='bbox 1064 541 1133 622; x_wconf 56' lang='lat' dir='ltr'><strong>lss&#39;b·</strong></span> <span class='ocrx_word' id='word_1_30' title='bbox 1147 563 1226 629; x_wconf 82' lang='lat' dir='ltr'><strong>ergo</strong></span> 
     </span>
     <span class='ocr_line' id='line_1_5' title="bbox 129 625 1225 709; baseline 0.005 -19"><span class='ocrx_word' id='word_1_31' title='bbox 129 627 214 692; x_wconf 91' lang='lat' dir='ltr'><strong>libra</strong></span> <span class='ocrx_word' id='word_1_32' title='bbox 232 628 380 691; x_wconf 88' lang='lat' dir='ltr'><strong>Romana</strong></span> <span class='ocrx_word' id='word_1_33' title='bbox 394 649 428 690; x_wconf 89' lang='lat' dir='ltr'><strong>se</strong></span> <span class='ocrx_word' id='word_1_34' title='bbox 442 625 537 690; x_wconf 88' lang='lat' dir='ltr'><strong>habet</strong></span> <span class='ocrx_word' id='word_1_35' title='bbox 553 627 593 689; x_wconf 91' lang='lat' dir='ltr'><strong>ad</strong></span> <span class='ocrx_word' id='word_1_36' title='bbox 608 626 721 692; x_wconf 89' lang='lat' dir='ltr'><strong>libram</strong></span> <span class='ocrx_word' id='word_1_37' title='bbox 739 628 960 706; x_wconf 73' lang='lat' dir='ltr'>parisiensem,</span> <span class='ocrx_word' id='word_1_38' title='bbox 977 641 1013 694; x_wconf 76' lang='lat' dir='ltr'><strong>ut</strong></span> <span class='ocrx_word' id='word_1_39' title='bbox 1031 630 1098 709; x_wconf 61' lang='lat' dir='ltr'><strong>lssd·</strong></span> <span class='ocrx_word' id='word_1_40' title='bbox 1114 628 1156 693; x_wconf 80' lang='lat' dir='ltr'><strong>ad</strong></span> <span class='ocrx_word' id='word_1_41' title='bbox 1174 639 1225 696; x_wconf 86' lang='grc'><strong>16.</strong></span> 
     </span>
     <span class='ocr_line' id='line_1_6' title="bbox 129 710 1215 801; baseline 0.002 -24"><span class='ocrx_word' id='word_1_42' title='bbox 129 715 206 790; x_wconf 83' lang='lat' dir='ltr'><strong>sive,</strong></span> <span class='ocrx_word' id='word_1_43' title='bbox 218 713 260 778; x_wconf 90' lang='lat' dir='ltr'><strong>ad</strong></span> <span class='ocrx_word' id='word_1_44' title='bbox 273 713 417 778; x_wconf 75' lang='lat' dir='ltr'><strong>vitandas</strong></span> <span class='ocrx_word' id='word_1_45' title='bbox 427 710 599 777; x_wconf 84' lang='lat' dir='ltr'><strong>fractorum</strong></span> <span class='ocrx_word' id='word_1_46' title='bbox 613 723 816 779; x_wconf 86' lang='lat' dir='ltr'><strong>numerorum</strong></span> <span class='ocrx_word' id='word_1_47' title='bbox 827 716 987 801; x_wconf 77' lang='lat' dir='ltr'><strong>ambages,</strong></span> <span class='ocrx_word' id='word_1_48' title='bbox 998 727 1034 779; x_wconf 91' lang='lat' dir='ltr'><strong>nt</strong></span> <span class='ocrx_word' id='word_1_49' title='bbox 1045 725 1099 782; x_wconf 68' lang='lat'><strong>25.</strong></span> <span class='ocrx_word' id='word_1_50' title='bbox 1111 715 1152 780; x_wconf 86' lang='lat' dir='ltr'><strong>ad</strong></span> <span class='ocrx_word' id='word_1_51' title='bbox 1161 725 1215 781; x_wconf 72' lang='lat'><strong>39.</strong></span> 
     </span>
    </p>

    <p class='ocr_par' dir='ltr' id='par_1_4' title="bbox 126 797 1316 974">
     <span class='ocr_line' id='line_1_7' title="bbox 172 797 1316 883; baseline 0.001 -17"><span class='ocrx_word' id='word_1_52' title='bbox 172 799 298 866; x_wconf 83' lang='lat' dir='ltr'><strong>Eadem</strong></span> <span class='ocrx_word' id='word_1_53' title='bbox 314 799 397 863; x_wconf 88' lang='lat' dir='ltr'><strong>libra</strong></span> <span class='ocrx_word' id='word_1_54' title='bbox 413 797 558 862; x_wconf 83' lang='lat' dir='ltr'><strong>Romana</strong></span> <span class='ocrx_word' id='word_1_55' title='bbox 573 800 683 883; x_wconf 90' lang='lat' dir='ltr'><strong>pondo</strong></span> <span class='ocrx_word' id='word_1_56' title='bbox 702 824 735 865; x_wconf 89' lang='lat' dir='ltr'><strong>se</strong></span> <span class='ocrx_word' id='word_1_57' title='bbox 756 801 851 866; x_wconf 87' lang='lat' dir='ltr'><strong>habet</strong></span> <span class='ocrx_word' id='word_1_58' title='bbox 873 802 914 865; x_wconf 87' lang='lat' dir='ltr'><strong>od</strong></span> <span class='ocrx_word' id='word_1_59' title='bbox 931 820 1069 867; x_wconf 79' lang='lat' dir='ltr'><strong>marcam</strong></span> <span class='ocrx_word' id='word_1_60' title='bbox 1085 813 1141 866; x_wconf 84' lang='lat' dir='ltr'><strong>seu</strong></span> <span class='ocrx_word' id='word_1_61' title='bbox 1156 801 1226 866; x_wconf 85' lang='lat' dir='ltr'><strong>seli-</strong></span> <span class='ocrx_word' id='word_1_62' title='bbox 1310 865 1316 874; x_wconf 75' lang='grc'><strong>,</strong></span> 
     </span>
     <span class='ocr_line' id='line_1_8' title="bbox 126 885 1033 974; baseline -0.002 -21"><span class='ocrx_word' id='word_1_63' title='bbox 126 889 219 953; x_wconf 79' lang='lat' dir='ltr'><strong>brom</strong></span> <span class='ocrx_word' id='word_1_64' title='bbox 237 885 459 960; x_wconf 82' lang='lat' dir='ltr'><strong>Parisiensem,</strong></span> <span class='ocrx_word' id='word_1_65' title='bbox 477 897 511 950; x_wconf 86' lang='lat' dir='ltr'><strong>ut</strong></span> <span class='ocrx_word' id='word_1_66' title='bbox 529 893 598 974; x_wconf 59' lang='lat' dir='ltr'><strong>Hi·</strong></span> <span class='ocrx_word' id='word_1_67' title='bbox 614 885 654 950; x_wconf 86' lang='lat' dir='ltr'><strong>ad</strong></span> <span class='ocrx_word' id='word_1_68' title='bbox 670 897 701 952; x_wconf 84' lang='lat'><strong>8.</strong></span> <span class='ocrx_word' id='word_1_69' title='bbox 716 888 790 965; x_wconf 76' lang='lat' dir='ltr'><strong>site,</strong></span> <span class='ocrx_word' id='word_1_70' title='bbox 807 900 842 953; x_wconf 88' lang='lat' dir='ltr'><strong>ut</strong></span> <span class='ocrx_word' id='word_1_71' title='bbox 858 897 910 954; x_wconf 72' lang='lat'><strong>95.</strong></span> <span class='ocrx_word' id='word_1_72' title='bbox 926 887 967 952; x_wconf 85' lang='lat' dir='ltr'><strong>ad</strong></span> <span class='ocrx_word' id='word_1_73' title='bbox 985 896 1033 954; x_wconf 85' lang='lat'><strong>16.</strong></span> 
     </span>
    </p>

    <p class='ocr_par' dir='ltr' id='par_1_5' title="bbox 128 967 1226 1142">
     <span class='ocr_line' id='line_1_9' title="bbox 170 967 1224 1060; baseline 0.002 -22"><span class='ocrx_word' id='word_1_74' title='bbox 170 973 221 1038; x_wconf 89' lang='lat' dir='ltr'><strong>Ut</strong></span> <span class='ocrx_word' id='word_1_75' title='bbox 229 972 330 1060; x_wconf 76' lang='lat' dir='ltr'><strong>igitur</strong></span> <span class='ocrx_word' id='word_1_76' title='bbox 340 967 432 1036; x_wconf 86' lang='lat' dir='ltr'><strong>librae</strong></span> <span class='ocrx_word' id='word_1_77' title='bbox 445 967 602 1036; x_wconf 80' lang='lat' dir='ltr'><strong>Romaoae</strong></span> <span class='ocrx_word' id='word_1_78' title='bbox 611 973 805 1058; x_wconf 75' lang='lat' dir='ltr'>ponderibus</span> <span class='ocrx_word' id='word_1_79' title='bbox 813 973 1007 1040; x_wconf 75' lang='lat' dir='ltr'><strong>nostratibus</strong></span> <span class='ocrx_word' id='word_1_80' title='bbox 1016 974 1224 1054; x_wconf 65' lang='lat' dir='ltr'><strong>estimantur,</strong></span> 
     </span>
     <span class='ocr_line' id='line_1_10' title="bbox 128 1057 1226 1142; baseline 0.001 -18"><span class='ocrx_word' id='word_1_81' title='bbox 128 1062 200 1124; x_wconf 84' lang='lat' dir='ltr'><strong>haee</strong></span> <span class='ocrx_word' id='word_1_82' title='bbox 215 1060 400 1124; x_wconf 74' lang='lat' dir='ltr'><strong>instituatur</strong></span> <span class='ocrx_word' id='word_1_83' title='bbox 413 1059 588 1142; x_wconf 78' lang='lat' dir='ltr'><strong>proportio.</strong></span> <span class='ocrx_word' id='word_1_84' title='bbox 623 1059 670 1125; x_wconf 92' lang='lat' dir='ltr'><strong>Ut</strong></span> <span class='ocrx_word' id='word_1_85' title='bbox 684 1069 737 1127; x_wconf 70' lang='lat'><strong>82.</strong></span> <span class='ocrx_word' id='word_1_86' title='bbox 754 1083 786 1125; x_wconf 81' lang='lat' dir='ltr'><strong>se</strong></span> <span class='ocrx_word' id='word_1_87' title='bbox 800 1060 919 1126; x_wconf 87' lang='lat' dir='ltr'><strong>habent</strong></span> <span class='ocrx_word' id='word_1_88' title='bbox 933 1057 975 1125; x_wconf 79' lang='lat' dir='ltr'><strong>sd</strong></span> <span class='ocrx_word' id='word_1_89' title='bbox 989 1069 1040 1126; x_wconf 69' lang='grc'><strong>95.</strong></span> <span class='ocrx_word' id='word_1_90' title='bbox 1057 1062 1101 1126; x_wconf 87' lang='lat' dir='ltr'><strong>ito</strong></span> <span class='ocrx_word' id='word_1_91' title='bbox 1115 1075 1226 1125; x_wconf 83' lang='lat' dir='ltr'><strong>numo-</strong></span> 
     </span>
    </p>

    <p class='ocr_par' dir='ltr' id='par_1_6' title="bbox 16 1145 1320 1493">
     <span class='ocr_line' id='line_1_11' title="bbox 63 1145 1291 1234; baseline -0.004 -23"><span class='ocrx_word' id='word_1_92' title='bbox 63 1217 65 1222; x_wconf 25' lang='lat'><strong>,</strong></span> <span class='ocrx_word' id='word_1_93' title='bbox 125 1169 182 1211; x_wconf 88' lang='lat' dir='ltr'><strong>rus</strong></span> <span class='ocrx_word' id='word_1_94' title='bbox 197 1146 293 1210; x_wconf 86' lang='lat' dir='ltr'><strong>datus</strong></span> <span class='ocrx_word' id='word_1_95' title='bbox 305 1146 523 1211; x_wconf 84' lang='lat' dir='ltr'><strong>Romanarum</strong></span> <span class='ocrx_word' id='word_1_96' title='bbox 536 1145 688 1211; x_wconf 86' lang='lat' dir='ltr'><strong>librarum</strong></span> <span class='ocrx_word' id='word_1_97' title='bbox 700 1147 740 1212; x_wconf 88' lang='lat' dir='ltr'><strong>ad</strong></span> <span class='ocrx_word' id='word_1_98' title='bbox 752 1161 900 1234; x_wconf 85' lang='lat' dir='ltr'><strong>quartum</strong></span> <span class='ocrx_word' id='word_1_99' title='bbox 911 1159 1092 1228; x_wconf 81' lang='lat' dir='ltr'><strong>numerum,</strong></span> <span class='ocrx_word' id='word_1_100' title='bbox 1104 1148 1158 1232; x_wconf 89' lang='lat' dir='ltr'><strong>qui</strong></span> <span class='ocrx_word' id='word_1_101' title='bbox 1169 1161 1225 1212; x_wconf 79' lang='lat' dir='ltr'><strong>art-</strong></span> <span class='ocrx_word' id='word_1_102' title='bbox 1282 1184 1291 1206; x_wconf 83' lang='lat'><strong><em>.</em></strong></span> 
     </span>
     <span class='ocr_line' id='line_1_12' title="bbox 124 1230 1320 1318; baseline 0.002 -22"><span class='ocrx_word' id='word_1_103' title='bbox 124 1233 244 1318; x_wconf 85' lang='lat' dir='ltr'><strong>primet</strong></span> <span class='ocrx_word' id='word_1_104' title='bbox 265 1231 362 1300; x_wconf 79' lang='lat' dir='ltr'><strong>libras</strong></span> <span class='ocrx_word' id='word_1_105' title='bbox 379 1230 579 1296; x_wconf 66' lang='lat' dir='ltr'><strong>parisienses,</strong></span> <span class='ocrx_word' id='word_1_106' title='bbox 623 1233 695 1310; x_wconf 81' lang='lat' dir='ltr'><strong>Vei,</strong></span> <span class='ocrx_word' id='word_1_107' title='bbox 710 1235 736 1298; x_wconf 85' lang='lat' dir='ltr'><strong>si</strong></span> <span class='ocrx_word' id='word_1_108' title='bbox 758 1235 871 1300; x_wconf 82' lang='lat' dir='ltr'><strong>mareis</strong></span> <span class='ocrx_word' id='word_1_109' title='bbox 891 1233 1122 1298; x_wconf 82' lang='lat' dir='ltr'><strong>Parisientibus</strong></span> <span class='ocrx_word' id='word_1_110' title='bbox 1143 1249 1225 1318; x_wconf 86' lang='lat' dir='ltr'><strong>opus</strong></span> <span class='ocrx_word' id='word_1_111' title='bbox 1317 1271 1320 1281; x_wconf 46' lang='lat' dir='ltr'>v</span> 
     </span>
     <span class='ocr_line' id='line_1_13' title="bbox 122 1317 1304 1395; baseline 0.001 -12"><span class='ocrx_word' id='word_1_112' title='bbox 122 1319 230 1395; x_wconf 81' lang='lat' dir='ltr'><strong>fuerit,</strong></span> <span class='ocrx_word' id='word_1_113' title='bbox 246 1328 283 1384; x_wconf 85' lang='lat' dir='ltr'><strong>ut</strong></span> <span class='ocrx_word' id='word_1_114' title='bbox 300 1327 347 1384; x_wconf 87' lang='lat'><strong>16.</strong></span> <span class='ocrx_word' id='word_1_115' title='bbox 365 1338 398 1382; x_wconf 83' lang='lat' dir='ltr'><strong>ae</strong></span> <span class='ocrx_word' id='word_1_116' title='bbox 413 1317 531 1382; x_wconf 82' lang='lat' dir='ltr'><strong>habent</strong></span> <span class='ocrx_word' id='word_1_117' title='bbox 546 1319 585 1382; x_wconf 88' lang='lat' dir='ltr'><strong>ad</strong></span> <span class='ocrx_word' id='word_1_118' title='bbox 600 1327 653 1386; x_wconf 69' lang='grc'><strong>95.</strong></span> <span class='ocrx_word' id='word_1_119' title='bbox 668 1320 714 1385; x_wconf 88' lang='lat' dir='ltr'><strong>ita</strong></span> <span class='ocrx_word' id='word_1_120' title='bbox 729 1342 878 1386; x_wconf 84' lang='lat' dir='ltr'><strong>numerus</strong></span> <span class='ocrx_word' id='word_1_121' title='bbox 892 1319 985 1386; x_wconf 79' lang='lat' dir='ltr'><strong>datus</strong></span> <span class='ocrx_word' id='word_1_122' title='bbox 1003 1321 1225 1386; x_wconf 82' lang='lat' dir='ltr'><strong>Romanarum</strong></span> <span class='ocrx_word' id='word_1_123' title='bbox 1301 1323 1304 1332; x_wconf 84' lang='grc'><strong>“</strong></span> 
     </span>
     <span class='ocr_line' id='line_1_14' title="bbox 16 1405 1224 1493; baseline 0.002 -25"><span class='ocrx_word' id='word_1_124' title='bbox 16 1461 18 1468; x_wconf 27' lang='lat'><strong>⁴</strong></span> <span class='ocrx_word' id='word_1_125' title='bbox 124 1405 284 1472; x_wconf 84' lang='lat' dir='ltr'><strong>librarum</strong></span> <span class='ocrx_word' id='word_1_126' title='bbox 299 1405 340 1488; x_wconf 70' lang='lat' dir='ltr'><strong>ad</strong></span> <span class='ocrx_word' id='word_1_127' title='bbox 355 1416 503 1492; x_wconf 85' lang='lat' dir='ltr'><strong>quartum</strong></span> <span class='ocrx_word' id='word_1_128' title='bbox 518 1427 696 1484; x_wconf 76' lang='lat' dir='ltr'><strong>numerum,</strong></span> <span class='ocrx_word' id='word_1_129' title='bbox 709 1407 764 1493; x_wconf 89' lang='lat' dir='ltr'><strong>qui</strong></span> <span class='ocrx_word' id='word_1_130' title='bbox 775 1407 935 1492; x_wconf 82' lang='lat' dir='ltr'><strong>exprimet</strong></span> <span class='ocrx_word' id='word_1_131' title='bbox 949 1427 1071 1472; x_wconf 85' lang='lat' dir='ltr'><strong>marcas</strong></span> <span class='ocrx_word' id='word_1_132' title='bbox 1085 1429 1140 1471; x_wconf 83' lang='lat' dir='ltr'><strong>seu</strong></span> <span class='ocrx_word' id='word_1_133' title='bbox 1154 1406 1224 1471; x_wconf 87' lang='lat' dir='ltr'><strong>seli-</strong></span> 
     </span>
    </p>

    <p class='ocr_par' dir='ltr' id='par_1_7' title="bbox 126 1491 991 1571">
     <span class='ocr_line' id='line_1_15' title="bbox 126 1491 991 1571; baseline -0.015 -13"><span class='ocrx_word' id='word_1_134' title='bbox 126 1495 202 1558; x_wconf 91' lang='lat' dir='ltr'><strong>bras</strong></span> <span class='ocrx_word' id='word_1_135' title='bbox 219 1491 426 1571; x_wconf 68' lang='lat' dir='ltr'><strong>Parisienses,</strong></span> <span class='ocrx_word' id='word_1_136' title='bbox 979 1515 991 1524; x_wconf 89' lang='lat'>-</span> 
     </span>
    </p>

    <p class='ocr_par' dir='ltr' id='par_1_8' title="bbox 122 1578 1367 2101">
     <span class='ocr_line' id='line_1_16' title="bbox 168 1578 1255 1666; baseline -0.003 -22"><span class='ocrx_word' id='word_1_137' title='bbox 168 1579 280 1656; x_wconf 65' lang='lat' dir='ltr'><strong>Nemo,</strong></span> <span class='ocrx_word' id='word_1_138' title='bbox 297 1579 324 1642; x_wconf 87' lang='lat' dir='ltr'><strong>si</strong></span> <span class='ocrx_word' id='word_1_139' title='bbox 339 1589 516 1643; x_wconf 72' lang='lat' dir='ltr'><strong>ceterorum</strong></span> <span class='ocrx_word' id='word_1_140' title='bbox 536 1578 713 1664; x_wconf 87' lang='lat' dir='ltr'><strong>ponderum</strong></span> <span class='ocrx_word' id='word_1_141' title='bbox 736 1581 850 1666; x_wconf 90' lang='lat' dir='ltr'><strong>quibus</strong></span> <span class='ocrx_word' id='word_1_142' title='bbox 865 1593 985 1646; x_wconf 82' lang='lat' dir='ltr'><strong>veteres</strong></span> <span class='ocrx_word' id='word_1_143' title='bbox 1000 1580 1181 1656; x_wconf 84' lang='lat' dir='ltr'><strong>utebantur,</strong></span> <span class='ocrx_word' id='word_1_144' title='bbox 1198 1580 1223 1644; x_wconf 92' lang='lat' dir='ltr'><strong>si</strong></span> <span class='ocrx_word' id='word_1_145' title='bbox 1253 1635 1255 1641; x_wconf 91' lang='lat'><em>.</em></span> 
     </span>
     <span class='ocr_line' id='line_1_17' title="bbox 124 1664 1297 1754; baseline 0.002 -22"><span class='ocrx_word' id='word_1_146' title='bbox 124 1665 251 1754; x_wconf 78' lang='lat' dir='ltr'><strong>argenti</strong></span> <span class='ocrx_word' id='word_1_147' title='bbox 261 1664 394 1751; x_wconf 82' lang='lat' dir='ltr'><strong>aurique</strong></span> <span class='ocrx_word' id='word_1_148' title='bbox 405 1665 695 1752; x_wconf 78' lang='lat' dir='ltr'><strong>signatiadiibram</strong></span> <span class='ocrx_word' id='word_1_149' title='bbox 711 1667 886 1730; x_wconf 86' lang='lat' dir='ltr'><strong>Romanam</strong></span> <span class='ocrx_word' id='word_1_150' title='bbox 897 1667 979 1731; x_wconf 83' lang='lat' dir='ltr'><strong>ratio</strong></span> <span class='ocrx_word' id='word_1_151' title='bbox 990 1679 1156 1753; x_wconf 80' lang='lat' dir='ltr'><strong>perspecta</strong></span> <span class='ocrx_word' id='word_1_152' title='bbox 1166 1666 1223 1730; x_wconf 91' lang='lat' dir='ltr'><strong>ha·</strong></span> <span class='ocrx_word' id='word_1_153' title='bbox 1294 1728 1297 1734; x_wconf 91' lang='lat'>.</span> 
     </span>
     <span class='ocr_line' id='line_1_18' title="bbox 122 1741 1223 1838; baseline -0.002 -20"><span class='ocrx_word' id='word_1_154' title='bbox 122 1754 248 1830; x_wconf 88' lang='lat' dir='ltr'><strong>beatur,</strong></span> <span class='ocrx_word' id='word_1_155' title='bbox 264 1749 353 1816; x_wconf 89' lang='lat' dir='ltr'><strong>nullo</strong></span> <span class='ocrx_word' id='word_1_156' title='bbox 368 1751 498 1837; x_wconf 74' lang='lat' dir='ltr'><strong>negotio</strong></span> <span class='ocrx_word' id='word_1_157' title='bbox 512 1741 567 1815; x_wconf 84' lang='lat' dir='ltr'><strong>ilia</strong></span> <span class='ocrx_word' id='word_1_158' title='bbox 578 1752 620 1816; x_wconf 90' lang='lat' dir='ltr'><strong>ad</strong></span> <span class='ocrx_word' id='word_1_159' title='bbox 630 1767 812 1817; x_wconf 90' lang='lat' dir='ltr'><strong>nostrorum</strong></span> <span class='ocrx_word' id='word_1_160' title='bbox 824 1753 1006 1838; x_wconf 87' lang='lat' dir='ltr'><strong>ponderum</strong></span> <span class='ocrx_word' id='word_1_161' title='bbox 1012 1775 1159 1818; x_wconf 84' lang='lat' dir='ltr'><strong>normam</strong></span> <span class='ocrx_word' id='word_1_162' title='bbox 1173 1765 1223 1817; x_wconf 86' lang='lat' dir='ltr'><strong>re·</strong></span> 
     </span>
     <span class='ocr_line' id='line_1_19' title="bbox 123 1837 1367 1927; baseline -0.003 -23"><span class='ocrx_word' id='word_1_163' title='bbox 123 1840 191 1927; x_wconf 81' lang='lat' dir='ltr'><strong>digi</strong></span> <span class='ocrx_word' id='word_1_164' title='bbox 207 1849 370 1923; x_wconf 87' lang='lat' dir='ltr'><strong>poterunt.</strong></span> <span class='ocrx_word' id='word_1_165' title='bbox 415 1838 470 1903; x_wconf 84' lang='lat' dir='ltr'><strong>De</strong></span> <span class='ocrx_word' id='word_1_166' title='bbox 484 1859 562 1916; x_wconf 83' lang='lat' dir='ltr'><strong>asse,</strong></span> <span class='ocrx_word' id='word_1_167' title='bbox 577 1850 609 1903; x_wconf 90' lang='lat' dir='ltr'><strong>et</strong></span> <span class='ocrx_word' id='word_1_168' title='bbox 624 1840 691 1925; x_wconf 80' lang='lat' dir='ltr'><strong>ejus</strong></span> <span class='ocrx_word' id='word_1_169' title='bbox 712 1841 857 1924; x_wconf 85' lang='lat' dir='ltr'><strong>partibus</strong></span> <span class='ocrx_word' id='word_1_170' title='bbox 879 1839 966 1904; x_wconf 83' lang='lat' dir='ltr'><strong>uuila</strong></span> <span class='ocrx_word' id='word_1_171' title='bbox 980 1852 1028 1904; x_wconf 86' lang='lat' dir='ltr'><strong>ast</strong></span> <span class='ocrx_word' id='word_1_172' title='bbox 1042 1837 1367 1916; x_wconf 69' lang='lat' dir='ltr'><strong>difficultas.a·,et05us</strong></span> 
     </span>
     <span class='ocr_line' id='line_1_20' title="bbox 123 1922 1316 2014; baseline 0.002 -24"><span class='ocrx_word' id='word_1_173' title='bbox 123 1929 167 1990; x_wconf 89' lang='lat' dir='ltr'><strong>As</strong></span> <span class='ocrx_word' id='word_1_174' title='bbox 186 1925 272 2009; x_wconf 76' lang='lat' dir='ltr'><strong>(haec</strong></span> <span class='ocrx_word' id='word_1_175' title='bbox 288 1925 383 2006; x_wconf 84' lang='lat' dir='ltr'><strong>enim,</strong></span> <span class='ocrx_word' id='word_1_176' title='bbox 396 1924 453 1989; x_wconf 82' lang='lat' dir='ltr'><strong>etsi</strong></span> <span class='ocrx_word' id='word_1_177' title='bbox 464 1925 638 2000; x_wconf 87' lang='lat' dir='ltr'><strong>notissima,</strong></span> <span class='ocrx_word' id='word_1_178' title='bbox 650 1924 703 1989; x_wconf 87' lang='lat' dir='ltr'><strong>hic</strong></span> <span class='ocrx_word' id='word_1_179' title='bbox 712 1947 831 2012; x_wconf 86' lang='lat' dir='ltr'><strong>ponere</strong></span> <span class='ocrx_word' id='word_1_180' title='bbox 839 1922 904 1990; x_wconf 83' lang='lat' dir='ltr'><strong>non</strong></span> <span class='ocrx_word' id='word_1_181' title='bbox 917 1927 1088 1992; x_wconf 89' lang='lat' dir='ltr'><strong>absurdum</strong></span> <span class='ocrx_word' id='word_1_182' title='bbox 1099 1924 1316 2014; x_wconf 55' lang='lat' dir='ltr'><strong>jodiou-⁹⁸³²*</strong></span> 
     </span>
     <span class='ocr_line' id='line_1_21' title="bbox 123 2010 1203 2101; baseline 0.002 -26"><span class='ocrx_word' id='word_1_183' title='bbox 123 2035 207 2092; x_wconf 89' lang='lat' dir='ltr'><strong>mus,</strong></span> <span class='ocrx_word' id='word_1_184' title='bbox 221 2033 264 2076; x_wconf 87' lang='lat' dir='ltr'><strong>ne</strong></span> <span class='ocrx_word' id='word_1_185' title='bbox 280 2011 305 2074; x_wconf 91' lang='lat' dir='ltr'><strong>si</strong></span> <span class='ocrx_word' id='word_1_186' title='bbox 320 2011 375 2098; x_wconf 89' lang='lat' dir='ltr'><strong>qui</strong></span> <span class='ocrx_word' id='word_1_187' title='bbox 389 2010 471 2076; x_wconf 84' lang='lat' dir='ltr'><strong>forte</strong></span> <span class='ocrx_word' id='word_1_188' title='bbox 486 2033 525 2076; x_wconf 75' lang='lat' dir='ltr'><strong>sa</strong></span> <span class='ocrx_word' id='word_1_189' title='bbox 538 2011 763 2100; x_wconf 78' lang='lat' dir='ltr'><strong>ignoraverint,</strong></span> <span class='ocrx_word' id='word_1_190' title='bbox 780 2013 842 2078; x_wconf 88' lang='lat' dir='ltr'><strong>olio</strong></span> <span class='ocrx_word' id='word_1_191' title='bbox 858 2027 1020 2079; x_wconf 81' lang='lat' dir='ltr'><strong>recurrere</strong></span> <span class='ocrx_word' id='word_1_192' title='bbox 1034 2015 1203 2101; x_wconf 82' lang='lat' dir='ltr'><strong>cogantur)</strong></span> 
     </span>
    </p>

    <p class='ocr_par' dir='ltr' id='par_1_9' title="bbox 163 2097 1017 2183">
     <span class='ocr_line' id='line_1_22' title="bbox 163 2097 1017 2183; baseline 0.004 -20"><span class='ocrx_word' id='word_1_193' title='bbox 163 2100 214 2163; x_wconf 81' lang='lat' dir='ltr'><strong>As</strong></span> <span class='ocrx_word' id='word_1_194' title='bbox 229 2097 362 2183; x_wconf 75' lang='lat' dir='ltr'><strong>ipsaest</strong></span> <span class='ocrx_word' id='word_1_195' title='bbox 374 2097 458 2162; x_wconf 85' lang='lat' dir='ltr'><strong>libra</strong></span> <span class='ocrx_word' id='word_1_196' title='bbox 473 2097 630 2176; x_wconf 85' lang='lat' dir='ltr'><strong>Romana,</strong></span> <span class='ocrx_word' id='word_1_197' title='bbox 646 2098 711 2164; x_wconf 87' lang='lat' dir='ltr'><strong>sive</strong></span> <span class='ocrx_word' id='word_1_198' title='bbox 725 2099 890 2166; x_wconf 80' lang='lat' dir='ltr'><strong>duodecim</strong></span> <span class='ocrx_word' id='word_1_199' title='bbox 906 2103 1017 2177; x_wconf 78' lang='lat' dir='ltr'><strong>unoiae,</strong></span> 
     </span>
    </p>

    <p class='ocr_par' dir='ltr' id='par_1_10' title="bbox 255 2183 687 2442">
     <span class='ocr_line' id='line_1_23' title="bbox 257 2183 687 2259; baseline 0.002 -11"><span class='ocrx_word' id='word_1_200' title='bbox 257 2185 393 2259; x_wconf 86' lang='lat' dir='ltr'><strong>Daunx,</strong></span> <span class='ocrx_word' id='word_1_201' title='bbox 411 2183 558 2248; x_wconf 82' lang='lat' dir='ltr'><strong>undecim</strong></span> <span class='ocrx_word' id='word_1_202' title='bbox 574 2186 687 2249; x_wconf 81' lang='lat' dir='ltr'><strong>nnoiae.</strong></span> 
     </span>
     <span class='ocr_line' id='line_1_24' title="bbox 255 2271 549 2347; baseline 0 -12"><span class='ocrx_word' id='word_1_203' title='bbox 255 2271 413 2347; x_wconf 76' lang='lat' dir='ltr'><strong>Deutans,</strong></span> <span class='ocrx_word' id='word_1_204' title='bbox 430 2272 549 2335; x_wconf 87' lang='lat' dir='ltr'><strong>decem.</strong></span> 
     </span>
     <span class='ocr_line' id='line_1_25' title="bbox 255 2357 559 2442; baseline 0.013 -22"><span class='ocrx_word' id='word_1_205' title='bbox 255 2357 419 2442; x_wconf 83' lang='lat' dir='ltr'><strong>Dodrans,</strong></span> <span class='ocrx_word' id='word_1_206' title='bbox 434 2379 559 2424; x_wconf 84' lang='lat' dir='ltr'><strong>novem.</strong></span> 
     </span>
    </p>

    <p class='ocr_par' dir='ltr' id='par_1_11' title="bbox 257 2443 430 2520">
     <span class='ocr_line' id='line_1_26' title="bbox 257 2443 430 2520; baseline 0.006 -13"><span class='ocrx_word' id='word_1_207' title='bbox 257 2443 330 2520; x_wconf 80' lang='lat' dir='ltr'><strong>Bos,</strong></span> <span class='ocrx_word' id='word_1_208' title='bbox 346 2457 430 2508; x_wconf 86' lang='lat' dir='ltr'><strong>octo.</strong></span> 
     </span>
    </p>

    <p class='ocr_par' dir='ltr' id='par_1_12' title="bbox 257 2531 561 2695">
     <span class='ocr_line' id='line_1_27' title="bbox 257 2531 561 2616; baseline 0 -21"><span class='ocrx_word' id='word_1_209' title='bbox 257 2531 413 2615; x_wconf 75' lang='lat' dir='ltr'><strong>septunx,</strong></span> <span class='ocrx_word' id='word_1_210' title='bbox 430 2543 561 2616; x_wconf 79' lang='lat' dir='ltr'><strong>septam.</strong></span> 
     </span>
     <span class='ocr_line' id='line_1_28' title="bbox 258 2616 457 2695; baseline 0 -15"><span class='ocrx_word' id='word_1_211' title='bbox 258 2616 373 2695; x_wconf 78' lang='lat' dir='ltr'><strong>Samis,</strong></span> <span class='ocrx_word' id='word_1_212' title='bbox 389 2639 457 2682; x_wconf 79' lang='lat' dir='ltr'><strong>sex.</strong></span> 
     </span>
    </p>

    <p class='ocr_par' dir='ltr' id='par_1_13' title="bbox 253 2703 612 3042">
     <span class='ocr_line' id='line_1_29' title="bbox 254 2703 607 2790; baseline 0.003 -23"><span class='ocrx_word' id='word_1_213' title='bbox 254 2703 442 2783; x_wconf 82' lang='lat' dir='ltr'><strong>Quinsuux,</strong></span> <span class='ocrx_word' id='word_1_214' title='bbox 457 2705 607 2790; x_wconf 79' lang='lat' dir='ltr'><strong>quinque.</strong></span> 
     </span>
     <span class='ocr_line' id='line_1_30' title="bbox 253 2791 541 2879; baseline 0.003 -26"><span class='ocrx_word' id='word_1_215' title='bbox 253 2791 378 2868; x_wconf 75' lang='lat' dir='ltr'><strong>Trione,</strong></span> <span class='ocrx_word' id='word_1_216' title='bbox 395 2803 541 2879; x_wconf 88' lang='lat' dir='ltr'><strong>quatuor.</strong></span> 
     </span>
     <span class='ocr_line' id='line_1_31' title="bbox 255 2876 612 2952; baseline 0 -12"><span class='ocrx_word' id='word_1_217' title='bbox 255 2876 436 2952; x_wconf 75' lang='lat' dir='ltr'><strong>Quadratus,</strong></span> <span class='ocrx_word' id='word_1_218' title='bbox 457 2890 529 2942; x_wconf 88' lang='lat' dir='ltr'><strong>tres.</strong></span> <span class='ocrx_word' id='word_1_219' title='bbox 609 2896 612 2904; x_wconf 89' lang='lat'>·</span> 
     </span>
     <span class='ocr_line' id='line_1_32' title="bbox 257 2963 520 3042; baseline 0 -14"><span class='ocrx_word' id='word_1_220' title='bbox 257 2964 405 3042; x_wconf 81' lang='lat' dir='ltr'><strong>Saittans,</strong></span> <span class='ocrx_word' id='word_1_221' title='bbox 423 2963 520 3028; x_wconf 71' lang='lat' dir='ltr'><strong>duaa.-</strong></span> 
     </span>
    </p>

    <p class='ocr_par' dir='ltr' id='par_1_14' title="bbox 152 3049 490 3117">
     <span class='ocr_line' id='line_1_33' title="bbox 152 3049 490 3117; baseline -0.009 0"><span class='ocrx_word' id='word_1_222' title='bbox 152 3091 157 3096; x_wconf 91' lang='lat'><em>·</em></span> <span class='ocrx_word' id='word_1_223' title='bbox 255 3049 372 3117; x_wconf 84' lang='lat' dir='ltr'><strong>Uuoia.</strong></span> <span class='ocrx_word' id='word_1_224' title='bbox 485 3071 490 3082; x_wconf 70' lang='grc'><em>“</em></span> 
     </span>
    </p>

    <p class='ocr_par' dir='ltr' id='par_1_15' title="bbox 114 3133 1379 3919">
     <span class='ocr_line' id='line_1_34' title="bbox 159 3133 1342 3222; baseline -0.002 -18"><span class='ocrx_word' id='word_1_225' title='bbox 159 3139 232 3204; x_wconf 83' lang='lat' dir='ltr'><strong>De‘</strong></span> <span class='ocrx_word' id='word_1_226' title='bbox 245 3137 378 3202; x_wconf 77' lang='lat' dir='ltr'><strong>denario</strong></span> <span class='ocrx_word' id='word_1_227' title='bbox 390 3136 581 3202; x_wconf 86' lang='lat' dir='ltr'><strong>dissentiunt</strong></span> <span class='ocrx_word' id='word_1_228' title='bbox 596 3135 678 3200; x_wconf 85' lang='lat' dir='ltr'><strong>inter</strong></span> <span class='ocrx_word' id='word_1_229' title='bbox 692 3147 725 3199; x_wconf 84' lang='lat' dir='ltr'><strong>se</strong></span> <span class='ocrx_word' id='word_1_230' title='bbox 739 3133 835 3200; x_wconf 88' lang='lat' dir='ltr'><strong>dosti.</strong></span> <span class='ocrx_word' id='word_1_231' title='bbox 883 3135 984 3200; x_wconf 88' lang='lat' dir='ltr'><strong>Nobis</strong></span> <span class='ocrx_word' id='word_1_232' title='bbox 999 3136 1160 3202; x_wconf 84' lang='lat' dir='ltr'><strong>verissima</strong></span> <span class='ocrx_word' id='word_1_233' title='bbox 1174 3137 1219 3201; x_wconf 82' lang='lat' dir='ltr'><strong>vi-</strong></span> <span class='ocrx_word' id='word_1_234' title='bbox 1230 3144 1342 3222; x_wconf 68' lang='lat' dir='ltr'><strong>Denarii⁴</strong></span> 
     </span>
     <span class='ocr_line' id='line_1_35' title="bbox 117 3219 1362 3322; baseline -0.002 -32"><span class='ocrx_word' id='word_1_235' title='bbox 117 3225 213 3290; x_wconf 83' lang='lat' dir='ltr'><strong>detur</strong></span> <span class='ocrx_word' id='word_1_236' title='bbox 227 3223 334 3290; x_wconf 84' lang='lat' dir='ltr'><strong>Budei</strong></span> <span class='ocrx_word' id='word_1_237' title='bbox 345 3223 544 3290; x_wconf 79' lang='lat' dir='ltr'><strong>et&#39;Gronorii</strong></span> <span class='ocrx_word' id='word_1_238' title='bbox 556 3223 719 3300; x_wconf 85' lang='lat' dir='ltr'><strong>sententis,</strong></span> <span class='ocrx_word' id='word_1_239' title='bbox 732 3221 787 3308; x_wconf 88' lang='lat' dir='ltr'><strong>qui</strong></span> <span class='ocrx_word' id='word_1_240' title='bbox 799 3233 940 3287; x_wconf 82' lang='lat' dir='ltr'><strong>statuunt</strong></span> <span class='ocrx_word' id='word_1_241' title='bbox 951 3222 1116 3288; x_wconf 86' lang='lat' dir='ltr'><strong>denarium</strong></span> <span class='ocrx_word' id='word_1_242' title='bbox 1128 3223 1220 3290; x_wconf 79' lang='lat' dir='ltr'><strong>fuisse</strong></span> <span class='ocrx_word' id='word_1_243' title='bbox 1229 3219 1362 3322; x_wconf 43' lang='lat' dir='ltr'><strong>aesopum</strong></span> 
     </span>
     <span class='ocr_line' id='line_1_36' title="bbox 117 3291 1368 3402; baseline -0.003 -24"><span class='ocrx_word' id='word_1_244' title='bbox 117 3324 266 3378; x_wconf 77' lang='lat' dir='ltr'><strong>octavam</strong></span> <span class='ocrx_word' id='word_1_245' title='bbox 276 3311 379 3376; x_wconf 76' lang='lat' dir='ltr'><strong>umoioe</strong></span> <span class='ocrx_word' id='word_1_246' title='bbox 392 3323 526 3397; x_wconf 88' lang='lat' dir='ltr'><strong>partem,</strong></span> <span class='ocrx_word' id='word_1_247' title='bbox 537 3310 582 3376; x_wconf 83' lang='lat' dir='ltr'><strong>ita</strong></span> <span class='ocrx_word' id='word_1_248' title='bbox 593 3321 629 3374; x_wconf 88' lang='lat' dir='ltr'><strong>ut</strong></span> <span class='ocrx_word' id='word_1_249' title='bbox 638 3309 758 3373; x_wconf 88' lang='lat' dir='ltr'><strong>denarii</strong></span> <span class='ocrx_word' id='word_1_250' title='bbox 771 3309 900 3395; x_wconf 86' lang='lat' dir='ltr'><strong>proprie</strong></span> <span class='ocrx_word' id='word_1_251' title='bbox 909 3330 946 3374; x_wconf 89' lang='lat' dir='ltr'><strong>oc</strong></span> <span class='ocrx_word' id='word_1_252' title='bbox 955 3309 1112 3376; x_wconf 84' lang='lat' dir='ltr'><strong>subtiliter</strong></span> <span class='ocrx_word' id='word_1_253' title='bbox 1123 3331 1177 3376; x_wconf 80' lang='lat' dir='ltr'><strong>sax</strong></span> <span class='ocrx_word' id='word_1_254' title='bbox 1188 3323 1218 3374; x_wconf 83' lang='lat' dir='ltr'><strong>et</strong></span> <span class='ocrx_word' id='word_1_255' title='bbox 1229 3292 1328 3402; x_wconf 42' lang='grc' dir='ltr'><strong>ῥέξῃ,</strong></span> <span class='ocrx_word' id='word_1_256' title='bbox 1336 3291 1368 3324; x_wconf 72' lang='lat'><strong>¹¹¹⁸</strong></span> 
     </span>
     <span class='ocr_line' id='line_1_37' title="bbox 115 3394 1379 3502; baseline 0 -39"><span class='ocrx_word' id='word_1_257' title='bbox 115 3394 1217 3502; x_wconf 62' lang='lat' dir='ltr'><strong>nonagintalibrttnconstituerent,ssdetrotundandinumericausa</strong></span> <span class='ocrx_word' id='word_1_258' title='bbox 1229 3407 1379 3476; x_wconf 73' lang='lat' dir='ltr'><strong>Gronov-de=</strong></span> 
     </span>
     <span class='ocr_line' id='line_1_38' title="bbox 114 3473 1368 3585; baseline -0.002 -34"><span class='ocrx_word' id='word_1_259' title='bbox 114 3499 149 3552; x_wconf 83' lang='lat' dir='ltr'><strong>et</strong></span> <span class='ocrx_word' id='word_1_260' title='bbox 162 3507 243 3574; x_wconf 83' lang='lat' dir='ltr'><strong>quta</strong></span> <span class='ocrx_word' id='word_1_261' title='bbox 257 3485 409 3550; x_wconf 83' lang='lat' dir='ltr'><strong>rarissimi</strong></span> <span class='ocrx_word' id='word_1_262' title='bbox 423 3485 546 3549; x_wconf 87' lang='lat' dir='ltr'><strong>denarii</strong></span> <span class='ocrx_word' id='word_1_263' title='bbox 559 3482 686 3569; x_wconf 83' lang='lat' dir='ltr'><strong>pondus</strong></span> <span class='ocrx_word' id='word_1_264' title='bbox 706 3482 787 3548; x_wconf 91' lang='lat' dir='ltr'><strong>illud</strong></span> <span class='ocrx_word' id='word_1_265' title='bbox 801 3497 947 3548; x_wconf 84' lang='lat' dir='ltr'><strong>exactum</strong></span> <span class='ocrx_word' id='word_1_266' title='bbox 963 3482 1127 3560; x_wconf 77' lang='lat' dir='ltr'><strong>referrent,</strong></span> <span class='ocrx_word' id='word_1_267' title='bbox 1142 3473 1341 3585; x_wconf 62' lang='lat' dir='ltr'><strong>con-{⁹1⁸⁰&#39;Vg‘&#39;</strong></span> <span class='ocrx_word' id='word_1_268' title='bbox 1353 3473 1368 3518; x_wconf 88' lang='lat'><strong>¹·</strong></span> 
     </span>
     <span class='ocr_line' id='line_1_39' title="bbox 118 3554 1329 3654; baseline -0.001 -17"><span class='ocrx_word' id='word_1_269' title='bbox 118 3571 291 3638; x_wconf 76' lang='lat' dir='ltr'><strong>metodine</strong></span> <span class='ocrx_word' id='word_1_270' title='bbox 311 3572 374 3636; x_wconf 85' lang='lat' dir='ltr'><strong>fori</strong></span> <span class='ocrx_word' id='word_1_271' title='bbox 387 3583 418 3636; x_wconf 83' lang='lat' dir='ltr'><strong>et</strong></span> <span class='ocrx_word' id='word_1_272' title='bbox 433 3571 621 3636; x_wconf 87' lang='lat' dir='ltr'><strong>tractatione</strong></span> <span class='ocrx_word' id='word_1_273' title='bbox 636 3570 778 3654; x_wconf 86' lang='lat' dir='ltr'><strong>pecnniae</strong></span> <span class='ocrx_word' id='word_1_274' title='bbox 792 3569 1010 3635; x_wconf 84' lang='lat' dir='ltr'><strong>introductum</strong></span> <span class='ocrx_word' id='word_1_275' title='bbox 1027 3567 1079 3647; x_wconf 82' lang='lat' dir='ltr'><strong>sit,</strong></span> <span class='ocrx_word' id='word_1_276' title='bbox 1095 3581 1131 3634; x_wconf 88' lang='lat' dir='ltr'><strong>ut</strong></span> <span class='ocrx_word' id='word_1_277' title='bbox 1145 3585 1218 3636; x_wconf 79' lang='lat' dir='ltr'><strong>eart-</strong></span> <span class='ocrx_word' id='word_1_278' title='bbox 1256 3554 1293 3587; x_wconf 61' lang='lat' dir='ltr'><strong>&#39;c&#39;</strong></span> <span class='ocrx_word' id='word_1_279' title='bbox 1323 3568 1329 3582; x_wconf 84' lang='lat'>&#39;</span> 
     </span>
     <span class='ocr_line' id='line_1_40' title="bbox 118 3655 1219 3747; baseline -0.002 -23"><span class='ocrx_word' id='word_1_280' title='bbox 118 3672 189 3726; x_wconf 86' lang='lat' dir='ltr'><strong>tum</strong></span> <span class='ocrx_word' id='word_1_281' title='bbox 197 3680 262 3747; x_wconf 89' lang='lat' dir='ltr'><strong>pro</strong></span> <span class='ocrx_word' id='word_1_282' title='bbox 272 3657 354 3724; x_wconf 84' lang='lat' dir='ltr'><strong>libra</strong></span> <span class='ocrx_word' id='word_1_283' title='bbox 365 3658 574 3724; x_wconf 86' lang='lat' dir='ltr'><strong>ambularent.</strong></span> <span class='ocrx_word' id='word_1_284' title='bbox 607 3655 684 3722; x_wconf 90' lang='lat' dir='ltr'><strong>Hoo</strong></span> <span class='ocrx_word' id='word_1_285' title='bbox 693 3657 860 3723; x_wconf 86' lang='lat' dir='ltr'><strong>adstruunt</strong></span> <span class='ocrx_word' id='word_1_286' title='bbox 868 3657 1073 3742; x_wconf 80' lang='lat' dir='ltr'><strong>antiquorum</strong></span> <span class='ocrx_word' id='word_1_287' title='bbox 1085 3657 1219 3743; x_wconf 82' lang='lat' dir='ltr'><strong>scripto-</strong></span> 
     </span>
     <span class='ocr_line' id='line_1_41' title="bbox 117 3743 1219 3821; baseline -0.003 -10"><span class='ocrx_word' id='word_1_288' title='bbox 117 3767 190 3811; x_wconf 81' lang='lat' dir='ltr'><strong>rum</strong></span> <span class='ocrx_word' id='word_1_289' title='bbox 205 3744 454 3810; x_wconf 61' lang='lat' dir='ltr'><strong>dinumerabilia</strong></span> <span class='ocrx_word' id='word_1_290' title='bbox 474 3743 664 3821; x_wconf 85' lang='lat' dir='ltr'><strong>testimonia,</strong></span> <span class='ocrx_word' id='word_1_291' title='bbox 679 3743 742 3809; x_wconf 88' lang='lat' dir='ltr'><strong>hoo</strong></span> <span class='ocrx_word' id='word_1_292' title='bbox 757 3743 873 3808; x_wconf 85' lang='lat' dir='ltr'><strong>evincit</strong></span> <span class='ocrx_word' id='word_1_293' title='bbox 887 3754 954 3808; x_wconf 87' lang='lat' dir='ltr'><strong>tota</strong></span> <span class='ocrx_word' id='word_1_294' title='bbox 968 3743 1014 3806; x_wconf 85' lang='lat' dir='ltr'><strong>rei</strong></span> <span class='ocrx_word' id='word_1_295' title='bbox 1031 3745 1219 3808; x_wconf 76' lang='lat' dir='ltr'><strong>nummariae</strong></span> 
     </span>
     <span class='ocr_line' id='line_1_42' title="bbox 117 3829 1218 3919; baseline 0.002 -23"><span class='ocrx_word' id='word_1_296' title='bbox 117 3833 211 3898; x_wconf 83' lang='lat' dir='ltr'><strong>ratio.</strong></span> <span class='ocrx_word' id='word_1_297' title='bbox 246 3832 497 3919; x_wconf 80' lang='lat' dir='ltr'><strong>Itoqusoentum</strong></span> <span class='ocrx_word' id='word_1_298' title='bbox 509 3831 647 3896; x_wconf 85' lang='lat' dir='ltr'><strong>denariis</strong></span> <span class='ocrx_word' id='word_1_299' title='bbox 658 3829 816 3919; x_wconf 82' lang='lat' dir='ltr'><strong>argenteis</strong></span> <span class='ocrx_word' id='word_1_300' title='bbox 831 3829 945 3894; x_wconf 81' lang='lat' dir='ltr'><strong>libram</strong></span> <span class='ocrx_word' id='word_1_301' title='bbox 961 3831 1086 3918; x_wconf 85' lang='lat' dir='ltr'><strong>argenti</strong></span> <span class='ocrx_word' id='word_1_302' title='bbox 1099 3831 1218 3898; x_wconf 77' lang='lat' dir='ltr'><strong>Rorna-</strong></span> 
     </span>
    </p>
   </div>
   <div class='ocr_carea' id='block_1_3' title="bbox 118 3920 522 3986">
    <p class='ocr_par' dir='ltr' id='par_1_16' title="bbox 118 3920 522 3986">
     <span class='ocr_line' id='line_1_43' title="bbox 118 3920 522 3986; baseline -0.012 -1"><span class='ocrx_word' id='word_1_303' title='bbox 118 3941 195 3986; x_wconf 89' lang='lat' dir='ltr'><strong>nam</strong></span> <span class='ocrx_word' id='word_1_304' title='bbox 211 3920 418 3986; x_wconf 87' lang='lat' dir='ltr'><strong>aestimamns.</strong></span> <span class='ocrx_word' id='word_1_305' title='bbox 520 3961 522 3968; x_wconf 88' lang='lat'>-</span> 
     </span>
    </p>
   </div>
   <div class='ocr_carea' id='block_1_4' title="bbox 117 4128 1218 4396">
    <p class='ocr_par' dir='ltr' id='par_1_17' title="bbox 117 4128 1218 4396">
     <span class='ocr_line' id='line_1_44' title="bbox 149 4128 1218 4198; baseline -0.004 -12"><span class='ocrx_word' id='word_1_306' title='bbox 149 4128 209 4186; x_wconf 67' lang='lat' dir='ltr'><strong>fDe</strong></span> <span class='ocrx_word' id='word_1_307' title='bbox 229 4139 327 4186; x_wconf 80' lang='lat' dir='ltr'><strong>denario</strong></span> <span class='ocrx_word' id='word_1_308' title='bbox 346 4143 371 4184; x_wconf 85' lang='lat' dir='ltr'><strong>et</strong></span> <span class='ocrx_word' id='word_1_309' title='bbox 392 4137 443 4198; x_wconf 75' lang='lat' dir='ltr'><strong>eius</strong></span> <span class='ocrx_word' id='word_1_310' title='bbox 494 4153 518 4185; x_wconf 89' lang='lat' dir='ltr'><strong>m</strong></span> <span class='ocrx_word' id='word_1_311' title='bbox 540 4139 652 4186; x_wconf 78' lang='lat' dir='ltr'><strong>drachma</strong></span> <span class='ocrx_word' id='word_1_312' title='bbox 683 4149 745 4195; x_wconf 89' lang='lat' dir='ltr'><strong>mur,</strong></span> <span class='ocrx_word' id='word_1_313' title='bbox 763 4151 806 4184; x_wconf 88' lang='lat' dir='ltr'><strong>neo</strong></span> <span class='ocrx_word' id='word_1_314' title='bbox 824 4137 890 4183; x_wconf 81' lang='lat' dir='ltr'><strong>aliud</strong></span> <span class='ocrx_word' id='word_1_315' title='bbox 907 4135 1055 4195; x_wconf 80' lang='lat' dir='ltr'><strong>respicimus,</strong></span> <span class='ocrx_word' id='word_1_316' title='bbox 1074 4147 1144 4195; x_wconf 82' lang='lat' dir='ltr'><strong>quam</strong></span> <span class='ocrx_word' id='word_1_317' title='bbox 1165 4143 1218 4195; x_wconf 81' lang='lat' dir='ltr'><strong>ptr·</strong></span> 
     </span>
     <span class='ocr_line' id='line_1_45' title="bbox 117 4201 1217 4266; baseline -0.004 -14"><span class='ocrx_word' id='word_1_318' title='bbox 117 4204 435 4266; x_wconf 69' lang='lat' dir='ltr'><strong>eonpmttttasmuttting</strong></span> <span class='ocrx_word' id='word_1_319' title='bbox 474 4205 651 4252; x_wconf 77' lang='lat' dir='ltr'><strong>ossetsrudita</strong></span> <span class='ocrx_word' id='word_1_320' title='bbox 683 4205 805 4264; x_wconf 76' lang='lat' dir='ltr'><strong>vulgatam</strong></span> <span class='ocrx_word' id='word_1_321' title='bbox 818 4203 987 4264; x_wconf 79' lang='lat' dir='ltr'><strong>opudratsres</strong></span> <span class='ocrx_word' id='word_1_322' title='bbox 1004 4201 1168 4248; x_wconf 74' lang='lat' dir='ltr'><strong>insonarunt</strong></span> <span class='ocrx_word' id='word_1_323' title='bbox 1182 4201 1217 4248; x_wconf 76' lang='lat' dir='ltr'><strong>vt-</strong></span> 
     </span>
     <span class='ocr_line' id='line_1_46' title="bbox 118 4264 1215 4330; baseline -0.006 -15"><span class='ocrx_word' id='word_1_324' title='bbox 118 4270 213 4324; x_wconf 77' lang='lat' dir='ltr'><strong>‹snserit</strong></span> <span class='ocrx_word' id='word_1_325' title='bbox 230 4271 267 4316; x_wconf 77' lang='lat' dir='ltr'><strong>ct</strong></span> <span class='ocrx_word' id='word_1_326' title='bbox 285 4270 425 4328; x_wconf 69' lang='lat' dir='ltr'><strong>bobonem,</strong></span> <span class='ocrx_word' id='word_1_327' title='bbox 442 4269 494 4317; x_wconf 82' lang='lat' dir='ltr'><strong>loco</strong></span> <span class='ocrx_word' id='word_1_328' title='bbox 516 4283 588 4330; x_wconf 83' lang='lat' dir='ltr'><strong>supra</strong></span> <span class='ocrx_word' id='word_1_329' title='bbox 603 4285 652 4316; x_wconf 87' lang='lat' dir='ltr'><strong>me·</strong></span> <span class='ocrx_word' id='word_1_330' title='bbox 683 4274 714 4314; x_wconf 80' lang='lat' dir='ltr'><strong>trs</strong></span> <span class='ocrx_word' id='word_1_331' title='bbox 724 4269 895 4315; x_wconf 79' lang='lat' dir='ltr'><strong>consuetudine</strong></span> <span class='ocrx_word' id='word_1_332' title='bbox 912 4267 1023 4327; x_wconf 85' lang='lat' dir='ltr'><strong>loquendi</strong></span> <span class='ocrx_word' id='word_1_333' title='bbox 1037 4264 1215 4313; x_wconf 78' lang='lat' dir='ltr'><strong>annumerandi</strong></span> 
     </span>
     <span class='ocr_line' id='line_1_47' title="bbox 120 4337 761 4396; baseline -0.002 -16"><span class='ocrx_word' id='word_1_334' title='bbox 120 4339 222 4387; x_wconf 75' lang='lat' dir='ltr'><strong>morato,</strong></span> <span class='ocrx_word' id='word_1_335' title='bbox 243 4347 296 4396; x_wconf 69' lang='lat' dir='ltr'><strong>qun</strong></span> <span class='ocrx_word' id='word_1_336' title='bbox 313 4337 435 4382; x_wconf 71' lang='lat' dir='ltr'><strong>manutere</strong></span> <span class='ocrx_word' id='word_1_337' title='bbox 451 4349 528 4396; x_wconf 72' lang='lat' dir='ltr'><strong>opero</strong></span> <span class='ocrx_word' id='word_1_338' title='bbox 547 4337 650 4396; x_wconf 82' lang='lat' dir='ltr'><strong>pretinm</strong></span> <span class='ocrx_word' id='word_1_339' title='bbox 683 4347 761 4380; x_wconf 87' lang='lat' dir='ltr'><strong>usum.</strong></span> 
     </span>
    </p>
   </div>
   <div class='ocr_carea' id='block_1_5' title="bbox 117 4391 832 4564">
    <p class='ocr_par' dir='ltr' id='par_1_18' title="bbox 117 4391 832 4564">
     <span class='ocr_line' id='line_1_48' title="bbox 117 4391 781 4526; baseline 0 -80"><span class='ocrx_word' id='word_1_340' title='bbox 117 4405 163 4447; x_wconf 72' lang='lat' dir='ltr'><strong>aa.</strong></span> <span class='ocrx_word' id='word_1_341' title='bbox 190 4391 652 4468; x_wconf 57' lang='lat' dir='ltr'><strong>mmfflmutmmmrmsqat-</strong></span> <span class='ocrx_word' id='word_1_342' title='bbox 762 4471 781 4526; x_wconf 57' lang='grc' dir='ltr'>ρ</span> 
     </span>
     <span class='ocr_line' id='line_1_49' title="bbox 597 4483 773 4525; baseline 0 -27"><span class='ocrx_word' id='word_1_343' title='bbox 597 4495 636 4518; x_wconf 44' lang='lat' dir='ltr'><strong>..N</strong></span> <span class='ocrx_word' id='word_1_344' title='bbox 724 4483 746 4525; x_wconf 76' lang='lat' dir='ltr'>G</span> <span class='ocrx_word' id='word_1_345' title='bbox 766 4492 773 4502; x_wconf 81' lang='grc'><em>,</em></span> 
     </span>
     <span class='ocr_line' id='line_1_50' title="bbox 620 4531 832 4564; baseline 0 -12"><span class='ocrx_word' id='word_1_346' title='bbox 620 4531 634 4564; x_wconf 64' lang='lat'><strong>(0</strong></span> <span class='ocrx_word' id='word_1_347' title='bbox 826 4543 832 4552; x_wconf 71' lang='grc' dir='ltr'><strong>ι</strong></span> 
     </span>
    </p>
   </div>
   <div class='ocr_carea' id='block_1_6' title="bbox 0 0 1532 4976">
    <p class='ocr_par' dir='ltr' id='par_1_19' title="bbox 0 0 1532 4976">
     <span class='ocr_line' id='line_1_51' title="bbox 0 0 1532 4976; baseline 0 4"><span class='ocrx_word' id='word_1_348' title='bbox 0 0 1532 4976; x_wconf 95' lang='lat' dir='ltr'><strong> </strong></span> 
     </span>
    </p>
   </div>
  </div>
 </body>
</html>
