3042 4980
490 163 840 254 Pamm'rlm
1120 176 1213 254 xxiii

111 387 337 462 memento
352 373 702 465 turbulentissimae
724 375 765 453 in
789 363 1211 475 republica-tempusue

109 507 188 572 rum
213 495 337 571 moles
358 493 586 580 multavere.
627 493 779 592 ¹legera
800 491 1213 590 Agnuemsuasiue
1256 497 1286 510 ''
1420 501 1429 512 '

109 620 246 710 postea
275 607 466 710 egregiam
492 610 532 684 in
558 609 662 712 hello
675 618 841 708 ruperam
868 607 1042 708 prestitit
1064 605 1211 684 Siccius
1300 621 1303 630 “
1356 662 1360 670 ·

109 727 321 814 Dentatus*
341 725 396 802 vir
424 749 515 812 sune
540 713 808 817 memorabilis,
823 735 879 800 et:
891 723 988 800 iuter
1004 721 1217 803 Romanos

106 859 262 942 quoque
289 840 519 916 fortitudinis
541 839 787 931 miraculum
813 840 923 935 enjus
949 843 1083 940 postea
1107 862 1210 916 mors

107 958 252 1036 nelarie
274 957 478 1032 maximum
495 955 732 1035 Decemviris
758 955 938 1032 invidiam
962 953 1153 1044 conflavit,
1172 967 1216 1031 et'

107 1092 183 1152 un'e
209 1071 457 1173 eprseeipuie
478 1067 608 1148 'musis
633 1069 716 1162 fuit,
744 1097 811 1170 cur
836 1070 989 1148 illorum
1018 1071 1209 1168 tyrannidi

104 1189 197 1281 ¹huie
213 1189 483 1289 imponeretur.
534 1188 786 1264 Tribnuernm
811 1188 980 1266 actiones
1006 1188 1055 1263 de
1080 1187 1340 1262 Auen-nume
1410 1189 1418 1200 ‘

105 1307 185 1384 tino
205 1305 339 1381 Livius
357 1305 419 1380 vix
445 1329 523 1380 uno
547 1303 703 1380 verbulo
726 1303 902 1402 dignetur
926 1304 1131 1400 attingere:
1156 1277 1258 1380 dem·

106 1424 190 1519 lege
221 1419 394 1519 Agraria,
426 1421 475 1496 de
510 1418 623 1498 Siceii
653 1419 822 1495 oratione
852 1421 902 1494 ad
929 1419 1129 1519 populum,
1157 1420 1208 1496 de
1255 1425 1258 1440 ’

106 1537 281 1634 ejusdem
299 1537 501 1635 etegregio
517 1537 557 1611 in
579 1535 850 1636 rempublicam
876 1535 1014 1629 animo,
1032 1547 1071 1610 et
1087 1535 1205 1612 incre-

104 1653 212 1730 dibili
238 1651 280 1726 in
306 1653 409 1728 hello
431 1651 568 1727 virtute
590 1651 746 1727 omnino
771 1651 868 1727 silet.
921 1653 1051 1738 Quint
1077 1677 1207 1730 nonne

104 1771 141 1844 in
155 1769 218 1844 his
231 1768 410 1844 omnihus
421 1793 506 1844 sese
517 1767 666 1863 jactare
683 1777 833 1867 poterat·
845 1768 1079 1870 eloquentia?
1091 1755 1206 1846 'Non-

104 1911 153 1960 ne
171 1884 314 1960 multas
326 1884 463 1960 harum
484 1884 622 1959 similes
650 1883 864 1960 discordias
881 1884 1129 1986 actionesque
1142 1885 1204 1960 tri·

102 2003 292 2076 hunorum
319 1999 486 2099 pluribus
515 2001 704 2076 interdum
734 2013 955 2099 persecutus
981 2015 1038 2076 est
1064 2001 1204 2092 Livius,

102 2128 142 2190 et
167 2115 349 2190 omnihus
375 2115 527 2192 dmendi
552 2117 784 2192 ornamentis
811 2117 1003 2196 excoluit?
1030 2117 1069 2192 N
1073 2099 1207 2193 on¹est

103 2233 276 2330 prefecto
305 2231 515 2320 verisimile,
542 2243 585 2306 ut
612 2233 677 2306 ille
705 2233 787 2307 haec
816 2233 993 2308 consulto
1026 2233 1206 2310 omiserit.

100 2348 259 2422 Metam
274 2346 338 2430 hic
357 2347 601 2443 &nesciinus
614 2347 841 2422 oblivionem
856 2351 896 2422 et
911 2347 1107 2434 incuriam,
1121 2373 1219 2447 quae-
1333 2437 1337 2446 k

103 2471 149 2535 et
164 2461 302 2560 ubique
318 2464 396 2536 iere
410 2462 452 2538 in
478 2462 604 2561 primis
631 2461 705 2538 illis
731 2462 854 2552 tenuis
879 2462 1092 2560 reipublicae
1111 2474 1206 2539 tem·

102 2576 260 2674 poribus
274 2579 380 2674 apud
399 2597 483 2654 euru
501 2577 794 2676 deprehenditur
810 2602 859 2652 ex
876 2576 1082 2656 collatione
1099 2580 1205 2654 Grae·

103 2715 237 2768 eornm
255 2691 479 2790 ‘scriptorum
499 2693 563 2792 qni
589 2695 762 2770 eamdem
787 2692 979 2769 historiam
998 2693 1204 2794 scripsere:
1287 2689 1290 2696 ’

103 2807 335 2904 etprofecto
353 2806 528 2882 videatur
548 2811 743 2885 noster‘nd
770 2812 917 2906 majora
941 2819 980 2885 et
1004 2809 1208 2886 illustriore
1248 2827 1251 2836 '

103 2920 304 3009 festinans,
323 2921 483 3019 origines
499 2924 601 2999 urhis
618 2924 865 3025 proximaque
881 2925 1101 3024 originibus
1113 2949 1206 3002 eon-

105 3048 162 3112 trn
182 3062 304 3136 quam
330 3037 632 3138 ipseprolessus
657 3041 697 3117 in
723 3043 838 3132 totius
868 3045 993 3142 operis
1023 3042 1206 3141 prooemio
1277 3071 1281 3080 ·

104 3155 240 3242 suerat,
258 3179 376 3254 quam
391 3154 574 3231 citissime
588 3153 737 3232 licuerit
753 3157 1032 3234 transcurrisse.
1091 3196 1094 3202 ·

124 3283 131 3292 '
155 3269 263 3344 Hinc
279 3268 355 3358 ille,
367 3271 460 3344 dum
477 3271 672 3347 conditam
691 3273 819 3348 urbem
838 3298 860 3348 a
878 3273 1047 3349 Romulo
1065 3283 1205 3362 narret,
1216 3299 1244 3346 a
1257 3300 1279 3348 ι.
1288 3313 1309 3348 c.
1322 3300 1345 3347 r.

101 3412 153 3460 ue
169 3385 346 3462 sustinuit
361 3385 522 3486 quidem·
537 3396 732 3476 annotare,
751 3400 843 3486 quet
868 3410 988 3464 annos
1005 3390 1054 3463 ab
1072 3387 1206 3464 Romae

104 3500 324 3598 primordiis
352 3502 400 3576 ud
432 3525 538 3578 snam
570 3511 722 3577 aetatem
750 3503 990 3600 lapsosesse
1015 3505 1206 3579 erederet:

104 3618 193 3695 hinc
208 3638 374 3718 unoque
392 3619 442 3692 de
466 3617 682 3693 secessione
708 3617 827 3716 plebis
853 3644 980 3718 agens,
1007 3619 1207 3694 observare
1216 3642 1251 3690 11.
1260 3603 1302 3690 aa.
1354 3697 1356 3706 ‚

103 3734 272 3832 neglexit
293 3733 445 3833 plebem
463 3733 678 3828 Romanum¹
704 3744 786 3810 tres.
806 3757 969 3824 menses,
988 3747 1026 3811 et
1051 3734 1206 3834 quidem

106 3876 171 3928 eos
185 3852 230 3927 in
244 3849 385 3950 quibus
400 3856 513 3948 agros
531 3851 678 3931 conseri
695 3873 791 3949 opus
808 3861 876 3939 est,
887 3850 927 3926 in
944 3861 1072 3926 monte
1087 3851 1301 3926 Sacrorum

106 3965 353 4056 consedisse3
379 3965 618 4044 conditiones
636 3967 773 4067 quibus
790 3968 855 4042 illa
872 3966 1038 4042 secessio
1057 3989 1208 4069 compo

105 4084 262 4175 sitaest,
275 4083 467 4159 incuriose
480 4085 702 4172 admodum,
716 4097 754 4158 et
767 4083 1007 4182 indiligenter
1019 4083 1206 4180 exposuit.
1343 4085 1353 4098 ⁴

102 4204 204 4288 Quid
226 4200 372 4278 multat
399 4199 438 4274 Si
456 4201 544 4278 hine
561 4200 703 4288 Livius,
717 4199 805 4273 inde
820 4198 1048 4292 Plutarchus
1064 4198 1219 4273 et.Dio-‘

628 4322 691 4389 ad
