<?xml version="1.0" encoding="UTF-8"?>
<!DOCTYPE html PUBLIC "-//W3C//DTD XHTML 1.0 Transitional//EN"
    "http://www.w3.org/TR/xhtml1/DTD/xhtml1-transitional.dtd">
<html xmlns="http://www.w3.org/1999/xhtml" xml:lang="en" lang="en">
 <head>
  <title>
</title>
<meta http-equiv="Content-Type" content="text/html;charset=utf-8" />
  <meta name='ocr-system' content='tesseract 3.04.00' />
  <meta name='ocr-capabilities' content='ocr_page ocr_carea ocr_par ocr_line ocrx_word'/>
</head>
<body>
  <div class='ocr_page' id='page_1' title='image "./tliviipatavinih03crevgoog_0194.png"; bbox 0 0 3056 4976; ppageno 0'>
   <div class='ocr_carea' id='block_1_1' title="bbox 468 209 1200 304">
    <p class='ocr_par' dir='ltr' id='par_1_1' title="bbox 468 209 1200 304">
     <span class='ocr_line' id='line_1_1' title="bbox 468 209 1200 304; baseline 0.003 -10"><span class='ocrx_word' id='word_1_1' title='bbox 468 235 560 294; x_wconf 81' lang='lat' dir='ltr'><strong>urs.</strong></span> <span class='ocrx_word' id='word_1_2' title='bbox 581 209 680 304; x_wconf 71' lang='lat' dir='ltr'><strong>xu1&#39;1.</strong></span> <span class='ocrx_word' id='word_1_3' title='bbox 708 235 811 294; x_wconf 76' lang='lat' dir='ltr'><strong>car.</strong></span> <span class='ocrx_word' id='word_1_4' title='bbox 837 235 875 294; x_wconf 88' lang='lat' dir='ltr'><strong>x.</strong></span> <span class='ocrx_word' id='word_1_5' title='bbox 1162 242 1200 296; x_wconf 75' lang='lat' dir='ltr'><strong>ss</strong></span> 
     </span>
    </p>
   </div>
   <div class='ocr_carea' id='block_1_2' title="bbox 64 394 1357 980">
    <p class='ocr_par' dir='ltr' id='par_1_2' title="bbox 144 394 1345 484">
     <span class='ocr_line' id='line_1_2' title="bbox 144 394 1345 484; baseline 0.007 -25"><span class='ocrx_word' id='word_1_6' title='bbox 144 394 256 466; x_wconf 84' lang='lat' dir='ltr'><strong>Junius</strong></span> <span class='ocrx_word' id='word_1_7' title='bbox 283 396 425 476; x_wconf 83' lang='lat' dir='ltr'><strong>Pennus,</strong></span> <span class='ocrx_word' id='word_1_8' title='bbox 451 399 704 484; x_wconf 66' lang='lat' dir='ltr'><strong>saturaretur,</strong></span> <span class='ocrx_word' id='word_1_9' title='bbox 732 400 788 484; x_wconf 84' lang='lat' dir='ltr'><strong>Sp.</strong></span> <span class='ocrx_word' id='word_1_10' title='bbox 805 397 946 478; x_wconf 85' lang='lat' dir='ltr'><strong>Cluvius,</strong></span> <span class='ocrx_word' id='word_1_11' title='bbox 973 397 1036 466; x_wconf 84' lang='lat' dir='ltr'><strong>Cn.</strong></span> <span class='ocrx_word' id='word_1_12' title='bbox 1053 398 1198 477; x_wconf 84' lang='lat' dir='ltr'><strong>Sicinius,</strong></span> <span class='ocrx_word' id='word_1_13' title='bbox 1208 416 1241 465; x_wconf 82' lang='grc' dir='ltr'><strong>υ.</strong></span> <span class='ocrx_word' id='word_1_14' title='bbox 1250 415 1278 465; x_wconf 86' lang='lat' dir='ltr'><strong>o.</strong></span> <span class='ocrx_word' id='word_1_15' title='bbox 1288 424 1345 469; x_wconf 84' lang='lat' dir='ltr'><strong>sss.</strong></span> 
     </span>
    </p>

    <p class='ocr_par' dir='ltr' id='par_1_3' title="bbox 64 480 1357 648">
     <span class='ocr_line' id='line_1_3' title="bbox 64 480 1357 567; baseline 0.005 -23"><span class='ocrx_word' id='word_1_16' title='bbox 64 527 70 538; x_wconf 82' lang='lat'><strong>.</strong></span> <span class='ocrx_word' id='word_1_17' title='bbox 146 480 182 544; x_wconf 82' lang='lat' dir='ltr'><strong>C.</strong></span> <span class='ocrx_word' id='word_1_18' title='bbox 200 482 372 549; x_wconf 88' lang='lat' dir='ltr'><strong>Memmius</strong></span> <span class='ocrx_word' id='word_1_19' title='bbox 386 486 511 564; x_wconf 84' lang='lat' dir='ltr'><strong>iterum.</strong></span> <span class='ocrx_word' id='word_1_20' title='bbox 1208 481 1357 567; x_wconf 49' lang='lat' dir='ltr'><strong>&amp;li-¹⁷⁸2</strong></span> 
     </span>
     <span class='ocr_line' id='line_1_4' title="bbox 187 568 1201 648; baseline 0.002 -15"><span class='ocrx_word' id='word_1_21' title='bbox 187 568 233 634; x_wconf 90' lang='lat' dir='ltr'><strong>X.</strong></span> <span class='ocrx_word' id='word_1_22' title='bbox 250 569 300 634; x_wconf 87' lang='lat' dir='ltr'><strong>Eo</strong></span> <span class='ocrx_word' id='word_1_23' title='bbox 310 590 396 636; x_wconf 89' lang='lat' dir='ltr'><strong>anno</strong></span> <span class='ocrx_word' id='word_1_24' title='bbox 406 571 540 635; x_wconf 88' lang='lat' dir='ltr'><strong>lustrum</strong></span> <span class='ocrx_word' id='word_1_25' title='bbox 551 571 714 637; x_wconf 85' lang='lat' dir='ltr'><strong>conditum</strong></span> <span class='ocrx_word' id='word_1_26' title='bbox 724 583 780 636; x_wconf 88' lang='lat' dir='ltr'><strong>est.</strong></span> <span class='ocrx_word' id='word_1_27' title='bbox 804 570 959 636; x_wconf 79' lang='lat' dir='ltr'>Censores</span> <span class='ocrx_word' id='word_1_28' title='bbox 969 583 1059 636; x_wconf 89' lang='lat' dir='ltr'><strong>erant</strong></span> <span class='ocrx_word' id='word_1_29' title='bbox 1071 570 1114 648; x_wconf 88' lang='lat' dir='ltr'><strong>Q.</strong></span> <span class='ocrx_word' id='word_1_30' title='bbox 1124 569 1201 635; x_wconf 88' lang='lat' dir='ltr'><strong>Ful-</strong></span> 
     </span>
    </p>

    <p class='ocr_par' dir='ltr' id='par_1_4' title="bbox 142 654 1201 735">
     <span class='ocr_line' id='line_1_5' title="bbox 142 654 1201 735; baseline 0.005 -18"><span class='ocrx_word' id='word_1_31' title='bbox 142 654 211 719; x_wconf 80' lang='lat' dir='ltr'><strong>uius</strong></span> <span class='ocrx_word' id='word_1_32' title='bbox 226 655 368 735; x_wconf 78' lang='lat' dir='ltr'><strong>Flaccus,</strong></span> <span class='ocrx_word' id='word_1_33' title='bbox 383 657 471 723; x_wconf 60' lang='grc' dir='ltr'><strong>50Αὲ</strong></span> <span class='ocrx_word' id='word_1_34' title='bbox 482 656 662 723; x_wconf 81' lang='lat' dir='ltr'>Postumius</span> <span class='ocrx_word' id='word_1_35' title='bbox 675 657 820 722; x_wconf 77' lang='lat' dir='ltr'><strong>Albinus.</strong></span> <span class='ocrx_word' id='word_1_36' title='bbox 854 657 1034 722; x_wconf 79' lang='lat' dir='ltr'>Postumius</span> <span class='ocrx_word' id='word_1_37' title='bbox 1046 657 1201 722; x_wconf 84' lang='lat' dir='ltr'><strong>condidit.</strong></span> 
     </span>
    </p>

    <p class='ocr_par' dir='ltr' id='par_1_5' title="bbox 144 739 1201 830">
     <span class='ocr_line' id='line_1_6' title="bbox 144 739 1201 830; baseline 0.004 -26"><span class='ocrx_word' id='word_1_38' title='bbox 144 739 246 806; x_wconf 82' lang='lat' dir='ltr'><strong>Gensa</strong></span> <span class='ocrx_word' id='word_1_39' title='bbox 258 756 334 808; x_wconf 88' lang='lat' dir='ltr'><strong>sunt</strong></span> <span class='ocrx_word' id='word_1_40' title='bbox 344 743 459 808; x_wconf 82' lang='lat' dir='ltr'><strong>civitam</strong></span> <span class='ocrx_word' id='word_1_41' title='bbox 473 744 692 808; x_wconf 87' lang='lat' dir='ltr'><strong>Romanorum</strong></span> <span class='ocrx_word' id='word_1_42' title='bbox 704 744 809 828; x_wconf 87' lang='lat' dir='ltr'><strong>capita</strong></span> <span class='ocrx_word' id='word_1_43' title='bbox 819 743 956 810; x_wconf 82' lang='lat' dir='ltr'>ducenta</span> <span class='ocrx_word' id='word_1_44' title='bbox 966 745 1128 830; x_wconf 74' lang='lat' dir='ltr'><strong>sexaginta</strong></span> <span class='ocrx_word' id='word_1_45' title='bbox 1142 765 1201 808; x_wconf 91' lang='lat' dir='ltr'><strong>no-</strong></span> 
     </span>
    </p>

    <p class='ocr_par' dir='ltr' id='par_1_6' title="bbox 143 826 1202 980">
     <span class='ocr_line' id='line_1_7' title="bbox 143 826 1202 980; baseline 0.006 -92"><span class='ocrx_word' id='word_1_46' title='bbox 143 847 212 890; x_wconf 88' lang='lat' dir='ltr'><strong>vem</strong></span> <span class='ocrx_word' id='word_1_47' title='bbox 235 829 334 894; x_wconf 91' lang='lat' dir='ltr'><strong>millia</strong></span> <span class='ocrx_word' id='word_1_48' title='bbox 355 845 387 894; x_wconf 91' lang='lat' dir='ltr'><strong>et</strong></span> <span class='ocrx_word' id='word_1_49' title='bbox 401 826 590 916; x_wconf 88' lang='lat' dir='ltr'><strong>quindecim.</strong></span> <span class='ocrx_word' id='word_1_50' title='bbox 635 828 746 894; x_wconf 86' lang='lat' dir='ltr'>Minor</span> <span class='ocrx_word' id='word_1_51' title='bbox 767 829 929 914; x_wconf 90' lang='lat' dir='ltr'><strong>aliquanto</strong></span> <span class='ocrx_word' id='word_1_52' title='bbox 951 851 1110 908; x_wconf 89' lang='lat' dir='ltr'><strong>numerus,</strong></span> <span class='ocrx_word' id='word_1_53' title='bbox 1126 830 1202 980; x_wconf 74' lang='lat' dir='ltr'><strong>qpia</strong></span> 
     </span>
    </p>
   </div>
   <div class='ocr_carea' id='block_1_3' title="bbox 142 910 1201 1174">
    <p class='ocr_par' dir='ltr' id='par_1_7' title="bbox 142 910 1201 1174">
     <span class='ocr_line' id='line_1_8' title="bbox 143 910 1200 1000; baseline 0.004 -24"><span class='ocrx_word' id='word_1_54' title='bbox 143 910 184 976; x_wconf 87' lang='lat' dir='ltr'><strong>L.</strong></span> <span class='ocrx_word' id='word_1_55' title='bbox 202 911 383 980; x_wconf 80' lang='lat' dir='ltr'><strong>Postumius</strong></span> <span class='ocrx_word' id='word_1_56' title='bbox 397 915 509 980; x_wconf 87' lang='lat' dir='ltr'><strong>consul</strong></span> <span class='ocrx_word' id='word_1_57' title='bbox 521 933 582 1000; x_wconf 88' lang='lat' dir='ltr'><strong>pro</strong></span> <span class='ocrx_word' id='word_1_58' title='bbox 596 918 749 980; x_wconf 86' lang='lat' dir='ltr'><strong>concione</strong></span> <span class='ocrx_word' id='word_1_59' title='bbox 763 915 914 994; x_wconf 74' lang='lat' dir='ltr'><strong>edixerat,</strong></span> <span class='ocrx_word' id='word_1_60' title='bbox 931 918 985 1000; x_wconf 90' lang='lat' dir='ltr'><strong>qui</strong></span> <span class='ocrx_word' id='word_1_61' title='bbox 1000 915 1120 980; x_wconf 75' lang='lat' dir='ltr'><strong>sociism</strong></span> <span class='ocrx_word' id='word_1_62' title='bbox 1166 939 1200 980; x_wconf 92' lang='lat' dir='ltr'><strong>a·</strong></span> 
     </span>
     <span class='ocr_line' id='line_1_9' title="bbox 142 998 1201 1067; baseline 0.004 -5"><span class='ocrx_word' id='word_1_63' title='bbox 142 998 200 1062; x_wconf 84' lang='lat' dir='ltr'><strong>tini</strong></span> <span class='ocrx_word' id='word_1_64' title='bbox 214 1002 353 1064; x_wconf 89' lang='lat' dir='ltr'><strong>nominis</strong></span> <span class='ocrx_word' id='word_1_65' title='bbox 367 1023 405 1066; x_wconf 84' lang='lat' dir='ltr'><strong>ex</strong></span> <span class='ocrx_word' id='word_1_66' title='bbox 420 1001 524 1067; x_wconf 92' lang='lat' dir='ltr'><strong>edicto</strong></span> <span class='ocrx_word' id='word_1_67' title='bbox 541 1002 579 1066; x_wconf 88' lang='lat' dir='ltr'><strong>C.</strong></span> <span class='ocrx_word' id='word_1_68' title='bbox 597 1001 724 1066; x_wconf 77' lang='lat' dir='ltr'><strong>Claudii</strong></span> <span class='ocrx_word' id='word_1_69' title='bbox 739 1001 877 1066; x_wconf 85' lang='lat' dir='ltr'><strong>consulis</strong></span> <span class='ocrx_word' id='word_1_70' title='bbox 892 1001 994 1066; x_wconf 87' lang='lat' dir='ltr'><strong>redire</strong></span> <span class='ocrx_word' id='word_1_71' title='bbox 1009 1002 1046 1064; x_wconf 91' lang='lat' dir='ltr'><strong>in</strong></span> <span class='ocrx_word' id='word_1_72' title='bbox 1060 1002 1201 1066; x_wconf 86' lang='lat' dir='ltr'><strong>civitates</strong></span> 
     </span>
     <span class='ocr_line' id='line_1_10' title="bbox 142 1087 1201 1174; baseline 0.004 -26"><span class='ocrx_word' id='word_1_73' title='bbox 142 1105 214 1148; x_wconf 87' lang='lat' dir='ltr'><strong>suus</strong></span> <span class='ocrx_word' id='word_1_74' title='bbox 237 1087 487 1164; x_wconf 61' lang='lat' dir='ltr'><strong>debebamus</strong></span> <span class='ocrx_word' id='word_1_75' title='bbox 506 1089 576 1174; x_wconf 87' lang='lat' dir='ltr'><strong>quis</strong></span> <span class='ocrx_word' id='word_1_76' title='bbox 598 1107 708 1152; x_wconf 87' lang='lat' dir='ltr'><strong>eorum</strong></span> <span class='ocrx_word' id='word_1_77' title='bbox 731 1087 853 1164; x_wconf 74' lang='lat' dir='ltr'><strong>Roma,</strong></span> <span class='ocrx_word' id='word_1_78' title='bbox 870 1089 922 1152; x_wconf 91' lang='lat' dir='ltr'><strong>sed</strong></span> <span class='ocrx_word' id='word_1_79' title='bbox 946 1109 1055 1152; x_wconf 88' lang='lat' dir='ltr'><strong>omues</strong></span> <span class='ocrx_word' id='word_1_80' title='bbox 1080 1088 1113 1150; x_wconf 93' lang='lat' dir='ltr'><strong>in</strong></span> <span class='ocrx_word' id='word_1_81' title='bbox 1136 1089 1201 1152; x_wconf 89' lang='lat' dir='ltr'><strong>suis</strong></span> 
     </span>
    </p>
   </div>
   <div class='ocr_carea' id='block_1_4' title="bbox 10 1147 1201 1258">
    <p class='ocr_par' dir='ltr' id='par_1_8' title="bbox 10 1147 1201 1258">
     <span class='ocr_line' id='line_1_11' title="bbox 10 1147 1201 1258; baseline 0.003 -24"><span class='ocrx_word' id='word_1_82' title='bbox 10 1147 11 1221; x_wconf 76' lang='lat' dir='ltr'><strong>l</strong></span> <span class='ocrx_word' id='word_1_83' title='bbox 40 1187 42 1193; x_wconf 81' lang='grc'><em>’</em></span> <span class='ocrx_word' id='word_1_84' title='bbox 141 1172 320 1236; x_wconf 85' lang='lat' dir='ltr'><strong>civitatibus</strong></span> <span class='ocrx_word' id='word_1_85' title='bbox 335 1187 547 1238; x_wconf 86' lang='lat' dir='ltr'><strong>censerentur.</strong></span> <span class='ocrx_word' id='word_1_86' title='bbox 570 1173 711 1238; x_wconf 82' lang='lat' dir='ltr'><strong>Consors</strong></span> <span class='ocrx_word' id='word_1_87' title='bbox 726 1186 758 1238; x_wconf 93' lang='lat' dir='ltr'><strong>et</strong></span> <span class='ocrx_word' id='word_1_88' title='bbox 771 1197 789 1238; x_wconf 92' lang='lat' dir='ltr'><strong>e</strong></span> <span class='ocrx_word' id='word_1_89' title='bbox 810 1173 972 1258; x_wconf 84' lang='lat' dir='ltr'><strong>republica</strong></span> <span class='ocrx_word' id='word_1_90' title='bbox 985 1195 1118 1237; x_wconf 88' lang='lat' dir='ltr'><strong>censura</strong></span> <span class='ocrx_word' id='word_1_91' title='bbox 1130 1173 1201 1238; x_wconf 84' lang='lat' dir='ltr'><strong>luit.</strong></span> 
     </span>
    </p>
   </div>
   <div class='ocr_carea' id='block_1_5' title="bbox 127 1259 1423 2814">
    <p class='ocr_par' dir='ltr' id='par_1_9' title="bbox 141 1259 1201 1776">
     <span class='ocr_line' id='line_1_12' title="bbox 141 1259 1200 1348; baseline 0.002 -28"><span class='ocrx_word' id='word_1_92' title='bbox 141 1277 260 1336; x_wconf 84' lang='lat' dir='ltr'><strong>omnes,</strong></span> <span class='ocrx_word' id='word_1_93' title='bbox 277 1278 356 1344; x_wconf 87' lang='lat' dir='ltr'><strong>quos</strong></span> <span class='ocrx_word' id='word_1_94' title='bbox 378 1274 487 1324; x_wconf 84' lang='lat' dir='ltr'><strong>senatu</strong></span> <span class='ocrx_word' id='word_1_95' title='bbox 509 1271 686 1338; x_wconf 79' lang='lat' dir='ltr'><strong>moverunt,</strong></span> <span class='ocrx_word' id='word_1_96' title='bbox 701 1259 879 1345; x_wconf 80' lang='lat' dir='ltr'><strong>quibusque</strong></span> <span class='ocrx_word' id='word_1_97' title='bbox 892 1279 989 1348; x_wconf 86' lang='lat' dir='ltr'><strong>equos</strong></span> <span class='ocrx_word' id='word_1_98' title='bbox 1004 1259 1200 1336; x_wconf 88' lang='lat' dir='ltr'><strong>ademerunt,</strong></span> 
     </span>
     <span class='ocr_line' id='line_1_13' title="bbox 141 1343 1201 1432; baseline 0.004 -26"><span class='ocrx_word' id='word_1_99' title='bbox 141 1343 270 1410; x_wconf 78' lang='lat' dir='ltr'><strong>mrarios</strong></span> <span class='ocrx_word' id='word_1_100' title='bbox 291 1343 442 1422; x_wconf 84' lang='lat' dir='ltr'><strong>fecerunt,</strong></span> <span class='ocrx_word' id='word_1_101' title='bbox 457 1361 489 1410; x_wconf 85' lang='lat' dir='ltr'><strong>et</strong></span> <span class='ocrx_word' id='word_1_102' title='bbox 504 1346 590 1411; x_wconf 87' lang='lat' dir='ltr'><strong>tribu</strong></span> <span class='ocrx_word' id='word_1_103' title='bbox 611 1359 795 1411; x_wconf 81' lang='lat' dir='ltr'><strong>moverunt:</strong></span> <span class='ocrx_word' id='word_1_104' title='bbox 817 1345 955 1432; x_wconf 69' lang='lat' dir='ltr'><strong>³1neque</strong></span> <span class='ocrx_word' id='word_1_105' title='bbox 975 1344 1016 1412; x_wconf 93' lang='lat' dir='ltr'><strong>ab</strong></span> <span class='ocrx_word' id='word_1_106' title='bbox 1030 1345 1129 1410; x_wconf 88' lang='lat' dir='ltr'><strong>altero</strong></span> <span class='ocrx_word' id='word_1_107' title='bbox 1143 1366 1201 1410; x_wconf 91' lang='lat' dir='ltr'><strong>no·</strong></span> 
     </span>
     <span class='ocr_line' id='line_1_14' title="bbox 141 1429 1200 1517; baseline 0 -23"><span class='ocrx_word' id='word_1_108' title='bbox 141 1441 243 1494; x_wconf 90' lang='lat' dir='ltr'><strong>tatum</strong></span> <span class='ocrx_word' id='word_1_109' title='bbox 266 1429 349 1498; x_wconf 83' lang='lat' dir='ltr'><strong>alter</strong></span> <span class='ocrx_word' id='word_1_110' title='bbox 373 1432 529 1517; x_wconf 81' lang='lat' dir='ltr'><strong>probavit.</strong></span> <span class='ocrx_word' id='word_1_111' title='bbox 573 1431 704 1498; x_wconf 84' lang='lat' dir='ltr'><strong>Fulvius</strong></span> <span class='ocrx_word' id='word_1_112' title='bbox 728 1431 830 1498; x_wconf 84' lang='lat' dir='ltr'><strong>oedem</strong></span> <span class='ocrx_word' id='word_1_113' title='bbox 853 1432 1004 1497; x_wconf 75' lang='lat' dir='ltr'><strong>Fortunae</strong></span> <span class='ocrx_word' id='word_1_114' title='bbox 1024 1430 1200 1517; x_wconf 88' lang='lat' dir='ltr'><strong>Equestris,</strong></span> 
     </span>
     <span class='ocr_line' id='line_1_15' title="bbox 142 1517 1200 1667; baseline 0.003 -88"><span class='ocrx_word' id='word_1_115' title='bbox 142 1533 237 1599; x_wconf 88' lang='lat' dir='ltr'><strong>quam</strong></span> <span class='ocrx_word' id='word_1_116' title='bbox 261 1517 431 1667; x_wconf 75' lang='lat' dir='ltr'><strong>proconsul</strong></span> <span class='ocrx_word' id='word_1_117' title='bbox 454 1518 487 1582; x_wconf 91' lang='lat' dir='ltr'><strong>in</strong></span> <span class='ocrx_word' id='word_1_118' title='bbox 511 1517 680 1603; x_wconf 77' lang='lat' dir='ltr'><strong>Hispania,</strong></span> <span class='ocrx_word' id='word_1_119' title='bbox 699 1517 852 1583; x_wconf 83' lang='lat' dir='ltr'><strong>dimicans</strong></span> <span class='ocrx_word' id='word_1_120' title='bbox 873 1537 946 1583; x_wconf 89' lang='lat' dir='ltr'><strong>cum</strong></span> <span class='ocrx_word' id='word_1_121' title='bbox 970 1517 1200 1583; x_wconf 88' lang='lat' dir='ltr'><strong>Celtiberorum</strong></span> 
     </span>
     <span class='ocr_line' id='line_1_16' title="bbox 142 1599 1201 1691; baseline 0.006 -28"><span class='ocrx_word' id='word_1_122' title='bbox 142 1599 260 1690; x_wconf 88' lang='lat' dir='ltr'><strong>legioni</strong></span> <span class='ocrx_word' id='word_1_123' title='bbox 284 1624 332 1685; x_wconf 87' lang='lat' dir='ltr'><strong>us,</strong></span> <span class='ocrx_word' id='word_1_124' title='bbox 360 1616 500 1685; x_wconf 85' lang='lat' dir='ltr'><strong>voverat,</strong></span> <span class='ocrx_word' id='word_1_125' title='bbox 528 1625 629 1669; x_wconf 86' lang='lat' dir='ltr'><strong>annos</strong></span> <span class='ocrx_word' id='word_1_126' title='bbox 661 1627 716 1670; x_wconf 81' lang='lat' dir='ltr'><strong>sex</strong></span> <span class='ocrx_word' id='word_1_127' title='bbox 747 1617 828 1689; x_wconf 82' lang='lat' dir='ltr'><strong>post,</strong></span> <span class='ocrx_word' id='word_1_128' title='bbox 857 1625 953 1691; x_wconf 86' lang='lat' dir='ltr'><strong>quem</strong></span> <span class='ocrx_word' id='word_1_129' title='bbox 982 1617 1119 1681; x_wconf 82' lang='lat' dir='ltr'><strong>voverat,</strong></span> <span class='ocrx_word' id='word_1_130' title='bbox 1145 1604 1201 1669; x_wconf 87' lang='lat' dir='ltr'><strong>de·</strong></span> 
     </span>
     <span class='ocr_line' id='line_1_17' title="bbox 142 1687 1200 1776; baseline 0.005 -24"><span class='ocrx_word' id='word_1_131' title='bbox 142 1687 272 1755; x_wconf 86' lang='lat' dir='ltr'><strong>dicavit:</strong></span> <span class='ocrx_word' id='word_1_132' title='bbox 303 1703 335 1754; x_wconf 90' lang='lat' dir='ltr'><strong>et</strong></span> <span class='ocrx_word' id='word_1_133' title='bbox 363 1691 503 1762; x_wconf 86' lang='lat' dir='ltr'><strong>scenicos</strong></span> <span class='ocrx_word' id='word_1_134' title='bbox 532 1690 624 1758; x_wconf 87' lang='lat' dir='ltr'><strong>ludos</strong></span> <span class='ocrx_word' id='word_1_135' title='bbox 655 1711 714 1776; x_wconf 87' lang='lat' dir='ltr'><strong>per</strong></span> <span class='ocrx_word' id='word_1_136' title='bbox 742 1691 958 1776; x_wconf 83' lang='lat' dir='ltr'><strong>quatriduum,</strong></span> <span class='ocrx_word' id='word_1_137' title='bbox 989 1711 1086 1755; x_wconf 90' lang='lat' dir='ltr'><strong>unum</strong></span> <span class='ocrx_word' id='word_1_138' title='bbox 1116 1689 1200 1756; x_wconf 93' lang='lat' dir='ltr'><strong>diem</strong></span> 
     </span>
    </p>

    <p class='ocr_par' dir='ltr' id='par_1_10' title="bbox 140 1771 1423 2018">
     <span class='ocr_line' id='line_1_18' title="bbox 141 1771 1201 1855; baseline 0.003 -16"><span class='ocrx_word' id='word_1_139' title='bbox 141 1771 175 1840; x_wconf 87' lang='lat' dir='ltr'><strong>in</strong></span> <span class='ocrx_word' id='word_1_140' title='bbox 205 1775 294 1840; x_wconf 90' lang='lat' dir='ltr'><strong>circo</strong></span> <span class='ocrx_word' id='word_1_141' title='bbox 325 1775 407 1841; x_wconf 86' lang='lat' dir='ltr'><strong>lecit</strong></span> <span class='ocrx_word' id='word_1_142' title='bbox 452 1776 492 1840; x_wconf 94' lang='lat' dir='ltr'><strong>L.</strong></span> <span class='ocrx_word' id='word_1_143' title='bbox 516 1776 684 1844; x_wconf 87' lang='lat' dir='ltr'><strong>Cornelius</strong></span> <span class='ocrx_word' id='word_1_144' title='bbox 713 1775 878 1855; x_wconf 83' lang='lat' dir='ltr'><strong>Lentulus,</strong></span> <span class='ocrx_word' id='word_1_145' title='bbox 908 1777 1066 1842; x_wconf 88' lang='lat' dir='ltr'><strong>decemvir</strong></span> <span class='ocrx_word' id='word_1_146' title='bbox 1097 1798 1201 1842; x_wconf 86' lang='lat' dir='ltr'><strong>sacro-</strong></span> 
     </span>
     <span class='ocr_line' id='line_1_19' title="bbox 140 1861 1423 1954; baseline 0.005 -31"><span class='ocrx_word' id='word_1_147' title='bbox 140 1881 223 1938; x_wconf 85' lang='lat' dir='ltr'><strong>rum,</strong></span> <span class='ocrx_word' id='word_1_148' title='bbox 251 1878 290 1926; x_wconf 85' lang='lat' dir='ltr'><strong>so</strong></span> <span class='ocrx_word' id='word_1_149' title='bbox 318 1883 404 1927; x_wconf 89' lang='lat' dir='ltr'><strong>anno</strong></span> <span class='ocrx_word' id='word_1_150' title='bbox 429 1875 573 1928; x_wconf 90' lang='lat' dir='ltr'><strong>mortuus</strong></span> <span class='ocrx_word' id='word_1_151' title='bbox 600 1876 656 1928; x_wconf 86' lang='lat' dir='ltr'><strong>est.</strong></span> <span class='ocrx_word' id='word_1_152' title='bbox 686 1863 720 1926; x_wconf 93' lang='lat' dir='ltr'><strong>in</strong></span> <span class='ocrx_word' id='word_1_153' title='bbox 748 1863 854 1928; x_wconf 89' lang='lat' dir='ltr'><strong>locum</strong></span> <span class='ocrx_word' id='word_1_154' title='bbox 882 1864 949 1949; x_wconf 86' lang='lat' dir='ltr'><strong>ejus</strong></span> <span class='ocrx_word' id='word_1_155' title='bbox 975 1861 1133 1928; x_wconf 84' lang='lat' dir='ltr'><strong>subfectus</strong></span> <span class='ocrx_word' id='word_1_156' title='bbox 1159 1867 1200 1929; x_wconf 87' lang='lat' dir='ltr'><strong>A.</strong></span> <span class='ocrx_word' id='word_1_157' title='bbox 1308 1897 1313 1904; x_wconf 93' lang='lat'>·</span> <span class='ocrx_word' id='word_1_158' title='bbox 1420 1935 1423 1954; x_wconf 74' lang='lat'><strong>.</strong></span> 
     </span>
     <span class='ocr_line' id='line_1_20' title="bbox 143 1945 1354 2018; baseline 0.006 -7"><span class='ocrx_word' id='word_1_159' title='bbox 143 1945 324 2012; x_wconf 83' lang='lat' dir='ltr'><strong>Postumius</strong></span> <span class='ocrx_word' id='word_1_160' title='bbox 343 1947 492 2014; x_wconf 86' lang='lat' dir='ltr'><strong>Albinus.</strong></span> <span class='ocrx_word' id='word_1_161' title='bbox 536 1949 747 2015; x_wconf 86' lang='lat' dir='ltr'><strong>Locustarum</strong></span> <span class='ocrx_word' id='word_1_162' title='bbox 767 1961 864 2014; x_wconf 83' lang='lat' dir='ltr'><strong>tantae</strong></span> <span class='ocrx_word' id='word_1_163' title='bbox 878 1950 1010 2014; x_wconf 87' lang='lat' dir='ltr'><strong>nubeea</strong></span> <span class='ocrx_word' id='word_1_164' title='bbox 1031 1949 1110 2014; x_wconf 88' lang='lat' dir='ltr'><strong>mari</strong></span> <span class='ocrx_word' id='word_1_165' title='bbox 1126 1969 1354 2018; x_wconf 67' lang='lat' dir='ltr'><strong>sen-lacunela</strong></span> 
     </span>
    </p>

    <p class='ocr_par' dir='ltr' id='par_1_11' title="bbox 139 2033 1303 2380">
     <span class='ocr_line' id='line_1_21' title="bbox 142 2033 1303 2135; baseline -0.002 -37"><span class='ocrx_word' id='word_1_166' title='bbox 142 2047 175 2098; x_wconf 90' lang='lat' dir='ltr'><strong>to</strong></span> <span class='ocrx_word' id='word_1_167' title='bbox 202 2049 334 2120; x_wconf 88' lang='lat' dir='ltr'><strong>repente</strong></span> <span class='ocrx_word' id='word_1_168' title='bbox 362 2035 394 2098; x_wconf 93' lang='lat' dir='ltr'><strong>in</strong></span> <span class='ocrx_word' id='word_1_169' title='bbox 424 2035 577 2135; x_wconf 60' lang='lat' dir='ltr'><strong>sipuliam</strong></span> <span class='ocrx_word' id='word_1_170' title='bbox 605 2036 713 2101; x_wconf 89' lang='lat' dir='ltr'><strong>inlatae</strong></span> <span class='ocrx_word' id='word_1_171' title='bbox 741 2049 825 2114; x_wconf 88' lang='lat' dir='ltr'><strong>sunt,</strong></span> <span class='ocrx_word' id='word_1_172' title='bbox 850 2046 887 2100; x_wconf 92' lang='lat' dir='ltr'><strong>ut</strong></span> <span class='ocrx_word' id='word_1_173' title='bbox 914 2036 1109 2100; x_wconf 85' lang='lat' dir='ltr'><strong>examinibus</strong></span> <span class='ocrx_word' id='word_1_174' title='bbox 1137 2033 1303 2101; x_wconf 64' lang='lat' dir='ltr'><strong>,uigllpuns</strong></span> 
     </span>
     <span class='ocr_line' id='line_1_22' title="bbox 139 2120 1234 2296; baseline 0.003 -27"><span class='ocrx_word' id='word_1_175' title='bbox 139 2139 233 2272; x_wconf 56' lang='lat' dir='ltr'><strong>³²¹³(ills.</strong></span> <span class='ocrx_word' id='word_1_176' title='bbox 249 2120 1199 2296; x_wconf 50' lang='lat' dir='ltr'><strong>iiiinlbbaeblrrgntbrzbignniiiapbblbmirrirpbiibminwrllgb&#39;liibi</strong></span> <span class='ocrx_word' id='word_1_177' title='bbox 1230 2289 1234 2294; x_wconf 12' lang='grc' dir='ltr'>ᾖ</span> 
     </span>
     <span class='ocr_line' id='line_1_23' title="bbox 142 2291 1201 2380; baseline 0.003 -25"><span class='ocrx_word' id='word_1_178' title='bbox 142 2292 263 2371; x_wconf 85' lang='lat' dir='ltr'><strong>missus,</strong></span> <span class='ocrx_word' id='word_1_179' title='bbox 284 2293 405 2380; x_wconf 80' lang='lat' dir='ltr'><strong>ingenti</strong></span> <span class='ocrx_word' id='word_1_180' title='bbox 427 2295 554 2380; x_wconf 81' lang='lat' dir='ltr'><strong>agmine</strong></span> <span class='ocrx_word' id='word_1_181' title='bbox 575 2295 738 2359; x_wconf 91' lang='lat' dir='ltr'><strong>hominum</strong></span> <span class='ocrx_word' id='word_1_182' title='bbox 761 2293 802 2358; x_wconf 85' lang='lat' dir='ltr'><strong>ad</strong></span> <span class='ocrx_word' id='word_1_183' title='bbox 824 2291 1016 2380; x_wconf 83' lang='lat' dir='ltr'><strong>colligendas</strong></span> <span class='ocrx_word' id='word_1_184' title='bbox 1037 2314 1089 2356; x_wconf 90' lang='lat' dir='ltr'><strong>eas</strong></span> <span class='ocrx_word' id='word_1_185' title='bbox 1110 2313 1201 2358; x_wconf 88' lang='lat' dir='ltr'><strong>coac-</strong></span> 
     </span>
    </p>

    <p class='ocr_par' dir='ltr' id='par_1_12' title="bbox 127 2378 1382 2814">
     <span class='ocr_line' id='line_1_24' title="bbox 140 2378 1343 2464; baseline -0.002 -21"><span class='ocrx_word' id='word_1_186' title='bbox 140 2389 184 2455; x_wconf 88' lang='lat' dir='ltr'><strong>to,</strong></span> <span class='ocrx_word' id='word_1_187' title='bbox 200 2379 397 2464; x_wconf 87' lang='lat' dir='ltr'><strong>aliquantum</strong></span> <span class='ocrx_word' id='word_1_188' title='bbox 419 2382 569 2464; x_wconf 87' lang='lat' dir='ltr'><strong>temporis</strong></span> <span class='ocrx_word' id='word_1_189' title='bbox 584 2379 745 2444; x_wconf 80' lang='lat' dir='ltr'><strong>absumsit</strong></span> <span class='ocrx_word' id='word_1_190' title='bbox 792 2378 988 2464; x_wconf 87' lang='lat' dir='ltr'><strong>Principium</strong></span> <span class='ocrx_word' id='word_1_191' title='bbox 1010 2378 1200 2464; x_wconf 88' lang='lat' dir='ltr'><strong>insequentis</strong></span> <span class='ocrx_word' id='word_1_192' title='bbox 1209 2395 1343 2443; x_wconf 61' lang='grc' dir='ltr'>[ωηο.</span> 
     </span>
     <span class='ocr_line' id='line_1_25' title="bbox 140 2460 1344 2552; baseline 0.002 -26"><span class='ocrx_word' id='word_1_193' title='bbox 140 2465 225 2542; x_wconf 88' lang='lat' dir='ltr'><strong>anni,</strong></span> <span class='ocrx_word' id='word_1_194' title='bbox 241 2486 307 2552; x_wconf 92' lang='lat' dir='ltr'><strong>quo</strong></span> <span class='ocrx_word' id='word_1_195' title='bbox 329 2465 370 2530; x_wconf 87' lang='lat' dir='ltr'><strong>C.</strong></span> <span class='ocrx_word' id='word_1_196' title='bbox 387 2465 540 2552; x_wconf 85' lang='lat' dir='ltr'><strong>Popillius</strong></span> <span class='ocrx_word' id='word_1_197' title='bbox 552 2480 596 2532; x_wconf 66' lang='lat' dir='ltr'><strong>,et</strong></span> <span class='ocrx_word' id='word_1_198' title='bbox 622 2463 657 2530; x_wconf 92' lang='lat' dir='ltr'><strong>P.</strong></span> <span class='ocrx_word' id='word_1_199' title='bbox 674 2464 780 2530; x_wconf 79' lang='lat' dir='ltr'><strong>AElius</strong></span> <span class='ocrx_word' id='word_1_200' title='bbox 800 2463 927 2529; x_wconf 83' lang='lat' dir='ltr'><strong>liserunt</strong></span> <span class='ocrx_word' id='word_1_201' title='bbox 948 2464 1103 2544; x_wconf 88' lang='lat' dir='ltr'><strong>consules,</strong></span> <span class='ocrx_word' id='word_1_202' title='bbox 1124 2460 1275 2528; x_wconf 56' lang='lat' dir='ltr'><strong>resi·ber</strong></span> <span class='ocrx_word' id='word_1_203' title='bbox 1290 2467 1344 2538; x_wconf 72' lang='lat'><strong>¹7²:</strong></span> 
     </span>
     <span class='ocr_line' id='line_1_26' title="bbox 140 2525 1360 2638; baseline 0.002 -26"><span class='ocrx_word' id='word_1_204' title='bbox 140 2548 218 2615; x_wconf 89' lang='lat' dir='ltr'><strong>duas</strong></span> <span class='ocrx_word' id='word_1_205' title='bbox 231 2552 450 2618; x_wconf 85' lang='lat' dir='ltr'><strong>contentiones</strong></span> <span class='ocrx_word' id='word_1_206' title='bbox 464 2573 504 2616; x_wconf 86' lang='lat' dir='ltr'><strong>ex</strong></span> <span class='ocrx_word' id='word_1_207' title='bbox 523 2553 630 2637; x_wconf 86' lang='lat' dir='ltr'><strong>priore</strong></span> <span class='ocrx_word' id='word_1_208' title='bbox 643 2571 728 2617; x_wconf 88' lang='lat' dir='ltr'><strong>anno</strong></span> <span class='ocrx_word' id='word_1_209' title='bbox 742 2551 865 2616; x_wconf 86' lang='lat' dir='ltr'><strong>habuit.</strong></span> <span class='ocrx_word' id='word_1_210' title='bbox 910 2550 1020 2616; x_wconf 86' lang='lat' dir='ltr'><strong>Patres</strong></span> <span class='ocrx_word' id='word_1_211' title='bbox 1039 2549 1148 2615; x_wconf 88' lang='lat' dir='ltr'><strong>referri</strong></span> <span class='ocrx_word' id='word_1_212' title='bbox 1162 2525 1360 2638; x_wconf 54' lang='lat' dir='ltr'><strong>deffiqppno,</strong></span> 
     </span>
     <span class='ocr_line' id='line_1_27' title="bbox 140 2634 1382 2725; baseline -0.002 -26"><span class='ocrx_word' id='word_1_213' title='bbox 140 2634 323 2722; x_wconf 78' lang='lat' dir='ltr'><strong>Liguribus,</strong></span> <span class='ocrx_word' id='word_1_214' title='bbox 340 2639 548 2725; x_wconf 85' lang='lat' dir='ltr'><strong>renovarique</strong></span> <span class='ocrx_word' id='word_1_215' title='bbox 569 2637 877 2704; x_wconf 86' lang='lat' dir='ltr'><strong>senatusconsultum</strong></span> <span class='ocrx_word' id='word_1_216' title='bbox 899 2635 1056 2715; x_wconf 80' lang='lat' dir='ltr'><strong>volebant,</strong></span> <span class='ocrx_word' id='word_1_217' title='bbox 1071 2649 1102 2701; x_wconf 91' lang='lat' dir='ltr'><strong>et</strong></span> <span class='ocrx_word' id='word_1_218' title='bbox 1124 2655 1276 2702; x_wconf 68' lang='lat' dir='ltr'><strong>con-cosa</strong></span> <span class='ocrx_word' id='word_1_219' title='bbox 1378 2688 1382 2697; x_wconf 77' lang='grc'>,</span> 
     </span>
     <span class='ocr_line' id='line_1_28' title="bbox 127 2719 1350 2814; baseline 0.002 -28"><span class='ocrx_word' id='word_1_220' title='bbox 127 2723 187 2786; x_wconf 78' lang='lat' dir='ltr'><strong>sul</strong></span> <span class='ocrx_word' id='word_1_221' title='bbox 203 2723 310 2790; x_wconf 84' lang='lat' dir='ltr'><strong>AEliua</strong></span> <span class='ocrx_word' id='word_1_222' title='bbox 324 2725 488 2790; x_wconf 86' lang='lat' dir='ltr'><strong>referebat.</strong></span> <span class='ocrx_word' id='word_1_223' title='bbox 534 2724 686 2814; x_wconf 86' lang='lat' dir='ltr'><strong>Popillius</strong></span> <span class='ocrx_word' id='word_1_224' title='bbox 707 2737 739 2790; x_wconf 93' lang='lat' dir='ltr'><strong>et</strong></span> <span class='ocrx_word' id='word_1_225' title='bbox 753 2723 907 2810; x_wconf 85' lang='lat' dir='ltr'><strong>collegam</strong></span> <span class='ocrx_word' id='word_1_226' title='bbox 923 2737 954 2788; x_wconf 90' lang='lat' dir='ltr'><strong>et</strong></span> <span class='ocrx_word' id='word_1_227' title='bbox 976 2737 1118 2790; x_wconf 87' lang='lat' dir='ltr'><strong>senatum</strong></span> <span class='ocrx_word' id='word_1_228' title='bbox 1140 2719 1350 2810; x_wconf 66' lang='lat' dir='ltr'><strong>pmconunsto-</strong></span> 
     </span>
    </p>
   </div>
   <div class='ocr_carea' id='block_1_6' title="bbox 138 2785 1341 2912">
    <p class='ocr_par' dir='ltr' id='par_1_13' title="bbox 138 2785 1341 2912">
     <span class='ocr_line' id='line_1_29' title="bbox 138 2785 1341 2912; baseline 0.007 -42"><span class='ocrx_word' id='word_1_229' title='bbox 138 2806 236 2874; x_wconf 87' lang='lat' dir='ltr'><strong>fratre</strong></span> <span class='ocrx_word' id='word_1_230' title='bbox 256 2811 503 2896; x_wconf 70' lang='lat' dir='ltr'><strong>deprecabaturg</strong></span> <span class='ocrx_word' id='word_1_231' title='bbox 525 2833 593 2898; x_wconf 80' lang='lat' dir='ltr'><strong>prae</strong></span> <span class='ocrx_word' id='word_1_232' title='bbox 614 2833 648 2876; x_wconf 88' lang='lat' dir='ltr'><strong>se</strong></span> <span class='ocrx_word' id='word_1_233' title='bbox 671 2809 782 2888; x_wconf 83' lang='lat' dir='ltr'><strong>ferens,</strong></span> <span class='ocrx_word' id='word_1_234' title='bbox 798 2810 824 2874; x_wconf 91' lang='lat' dir='ltr'><strong>si</strong></span> <span class='ocrx_word' id='word_1_235' title='bbox 841 2807 907 2896; x_wconf 92' lang='lat' dir='ltr'><strong>qui¹</strong></span> <span class='ocrx_word' id='word_1_236' title='bbox 921 2811 1136 2887; x_wconf 80' lang='lat' dir='ltr'><strong>decernerent,</strong></span> <span class='ocrx_word' id='word_1_237' title='bbox 1151 2785 1341 2912; x_wconf 59' lang='lat' dir='ltr'><strong>in·¹3¹ss&#39;„g{,¹⁴¹</strong></span> 
     </span>
    </p>
   </div>
   <div class='ocr_carea' id='block_1_7' title="bbox 136 2897 1293 3676">
    <p class='ocr_par' dir='ltr' id='par_1_14' title="bbox 136 2897 1293 3676">
     <span class='ocr_line' id='line_1_30' title="bbox 138 2897 1202 2986; baseline 0.004 -28"><span class='ocrx_word' id='word_1_238' title='bbox 138 2904 359 2978; x_wconf 86' lang='lat' dir='ltr'><strong>tarcessurum,</strong></span> <span class='ocrx_word' id='word_1_239' title='bbox 374 2897 527 2986; x_wconf 90' lang='lat' dir='ltr'><strong>collegam</strong></span> <span class='ocrx_word' id='word_1_240' title='bbox 550 2897 713 2962; x_wconf 83' lang='lat' dir='ltr'><strong>deterruit.</strong></span> <span class='ocrx_word' id='word_1_241' title='bbox 757 2898 876 2974; x_wconf 88' lang='lat' dir='ltr'><strong>Patres,</strong></span> <span class='ocrx_word' id='word_1_242' title='bbox 891 2915 931 2961; x_wconf 86' lang='lat' dir='ltr'><strong>eo</strong></span> <span class='ocrx_word' id='word_1_243' title='bbox 951 2897 1053 2983; x_wconf 86' lang='lat' dir='ltr'><strong>magis</strong></span> <span class='ocrx_word' id='word_1_244' title='bbox 1075 2897 1202 2984; x_wconf 87' lang='lat' dir='ltr'><strong>utrique</strong></span> 
     </span>
     <span class='ocr_line' id='line_1_31' title="bbox 139 2982 1200 3069; baseline 0.002 -23"><span class='ocrx_word' id='word_1_245' title='bbox 139 2983 258 3065; x_wconf 86' lang='lat' dir='ltr'><strong>pariter</strong></span> <span class='ocrx_word' id='word_1_246' title='bbox 285 2984 451 3049; x_wconf 86' lang='lat' dir='ltr'><strong>consulum</strong></span> <span class='ocrx_word' id='word_1_247' title='bbox 481 2983 605 3062; x_wconf 82' lang='lat' dir='ltr'><strong>infensi,</strong></span> <span class='ocrx_word' id='word_1_248' title='bbox 634 2985 668 3048; x_wconf 93' lang='lat' dir='ltr'><strong>in</strong></span> <span class='ocrx_word' id='word_1_249' title='bbox 698 2997 807 3066; x_wconf 86' lang='lat' dir='ltr'><strong>coepto</strong></span> <span class='ocrx_word' id='word_1_250' title='bbox 878 2983 1030 3048; x_wconf 76' lang='lat' dir='ltr'><strong>retebant.</strong></span> <span class='ocrx_word' id='word_1_251' title='bbox 1078 2982 1200 3069; x_wconf 83' lang='lat' dir='ltr'><strong>Itaque,</strong></span> 
     </span>
     <span class='ocr_line' id='line_1_32' title="bbox 161 3068 1202 3158; baseline 0.002 -26"><span class='ocrx_word' id='word_1_252' title='bbox 161 3079 237 3133; x_wconf 88' lang='lat' dir='ltr'><strong>uum</strong></span> <span class='ocrx_word' id='word_1_253' title='bbox 259 3069 300 3134; x_wconf 86' lang='lat' dir='ltr'><strong>de</strong></span> <span class='ocrx_word' id='word_1_254' title='bbox 343 3069 491 3135; x_wconf 83' lang='lat' dir='ltr'><strong>rovinciis</strong></span> <span class='ocrx_word' id='word_1_255' title='bbox 510 3083 668 3158; x_wconf 81' lang='lat' dir='ltr'><strong>ageretur,</strong></span> <span class='ocrx_word' id='word_1_256' title='bbox 683 3082 715 3134; x_wconf 91' lang='lat' dir='ltr'><strong>et</strong></span> <span class='ocrx_word' id='word_1_257' title='bbox 730 3069 807 3134; x_wconf 87' lang='lat' dir='ltr'><strong>Mac</strong></span> <span class='ocrx_word' id='word_1_258' title='bbox 848 3069 933 3146; x_wconf 89' lang='lat' dir='ltr'><strong>onia,</strong></span> <span class='ocrx_word' id='word_1_259' title='bbox 944 3071 1011 3155; x_wconf 90' lang='lat' dir='ltr'><strong>jam</strong></span> <span class='ocrx_word' id='word_1_260' title='bbox 1026 3068 1202 3135; x_wconf 88' lang='lat' dir='ltr'><strong>inminente</strong></span> 
     </span>
     <span class='ocr_line' id='line_1_33' title="bbox 139 3087 1202 3242; baseline 0 -24"><span class='ocrx_word' id='word_1_261' title='bbox 139 3087 248 3221; x_wconf 63' lang='lat' dir='ltr'><strong>isaei</strong></span> <span class='ocrx_word' id='word_1_262' title='bbox 270 3091 364 3233; x_wconf 76' lang='lat' dir='ltr'><strong>bello,</strong></span> <span class='ocrx_word' id='word_1_263' title='bbox 380 3167 550 3242; x_wconf 85' lang='lat' dir='ltr'><strong>peteretur,</strong></span> <span class='ocrx_word' id='word_1_264' title='bbox 567 3157 702 3242; x_wconf 84' lang='lat' dir='ltr'><strong>Ligures</strong></span> <span class='ocrx_word' id='word_1_265' title='bbox 723 3153 877 3220; x_wconf 87' lang='lat' dir='ltr'><strong>ambobus</strong></span> <span class='ocrx_word' id='word_1_266' title='bbox 898 3155 1079 3219; x_wconf 88' lang='lat' dir='ltr'><strong>consulibus</strong></span> <span class='ocrx_word' id='word_1_267' title='bbox 1092 3154 1202 3220; x_wconf 88' lang='lat' dir='ltr'><strong>decer-</strong></span> 
     </span>
     <span class='ocr_line' id='line_1_34' title="bbox 139 3239 1202 3330; baseline 0.002 -26"><span class='ocrx_word' id='word_1_268' title='bbox 139 3256 269 3309; x_wconf 86' lang='lat' dir='ltr'><strong>nuntur.</strong></span> <span class='ocrx_word' id='word_1_269' title='bbox 316 3239 540 3308; x_wconf 85' lang='lat' dir='ltr'><strong>Macedoniam</strong></span> <span class='ocrx_word' id='word_1_270' title='bbox 555 3242 735 3307; x_wconf 86' lang='lat' dir='ltr'><strong>decreturos</strong></span> <span class='ocrx_word' id='word_1_271' title='bbox 750 3254 878 3330; x_wconf 86' lang='lat' dir='ltr'><strong>negant,</strong></span> <span class='ocrx_word' id='word_1_272' title='bbox 893 3241 984 3326; x_wconf 82' lang='lat' dir='ltr'><strong>uide</strong></span> <span class='ocrx_word' id='word_1_273' title='bbox 1000 3241 1048 3306; x_wconf 88' lang='lat' dir='ltr'><strong>M.</strong></span> <span class='ocrx_word' id='word_1_274' title='bbox 1063 3240 1202 3326; x_wconf 88' lang='lat' dir='ltr'><strong>Popillio</strong></span> 
     </span>
     <span class='ocr_line' id='line_1_35' title="bbox 138 3327 1201 3407; baseline 0.001 -16"><span class='ocrx_word' id='word_1_275' title='bbox 138 3327 319 3394; x_wconf 86' lang='lat' dir='ltr'><strong>referretur.</strong></span> <span class='ocrx_word' id='word_1_276' title='bbox 364 3327 604 3394; x_wconf 89' lang='lat' dir='ltr'><strong>Postulantibus</strong></span> <span class='ocrx_word' id='word_1_277' title='bbox 626 3327 752 3407; x_wconf 88' lang='lat' dir='ltr'><strong>deinde,</strong></span> <span class='ocrx_word' id='word_1_278' title='bbox 766 3343 803 3392; x_wconf 90' lang='lat' dir='ltr'><strong>ut</strong></span> <span class='ocrx_word' id='word_1_279' title='bbox 827 3347 925 3392; x_wconf 91' lang='lat' dir='ltr'><strong>novos</strong></span> <span class='ocrx_word' id='word_1_280' title='bbox 946 3327 1104 3392; x_wconf 86' lang='lat' dir='ltr'><strong>exercitus</strong></span> <span class='ocrx_word' id='word_1_281' title='bbox 1123 3328 1201 3392; x_wconf 89' lang='lat' dir='ltr'><strong>sori·</strong></span> 
     </span>
     <span class='ocr_line' id='line_1_36' title="bbox 138 3411 1293 3502; baseline -0.003 -23"><span class='ocrx_word' id='word_1_282' title='bbox 138 3411 296 3493; x_wconf 66' lang='lat' dir='ltr'><strong>bera&#39;aut</strong></span> <span class='ocrx_word' id='word_1_283' title='bbox 318 3415 574 3500; x_wconf 85' lang='lat' dir='ltr'><strong>supplementum</strong></span> <span class='ocrx_word' id='word_1_284' title='bbox 596 3414 754 3479; x_wconf 86' lang='lat' dir='ltr'><strong>veteribus</strong></span> <span class='ocrx_word' id='word_1_285' title='bbox 774 3413 893 3490; x_wconf 84' lang='lat' dir='ltr'><strong>llcer&#39;et,</strong></span> <span class='ocrx_word' id='word_1_286' title='bbox 915 3426 1021 3479; x_wconf 90' lang='lat' dir='ltr'><strong>utrum</strong></span> <span class='ocrx_word' id='word_1_287' title='bbox 1046 3437 1085 3500; x_wconf 81' lang='lat' dir='ltr'><strong>ue</strong></span> <span class='ocrx_word' id='word_1_288' title='bbox 1107 3435 1202 3502; x_wconf 85' lang='lat' dir='ltr'><strong>nega-</strong></span> <span class='ocrx_word' id='word_1_289' title='bbox 1291 3411 1293 3414; x_wconf 76' lang='grc'><strong>’</strong></span> 
     </span>
     <span class='ocr_line' id='line_1_37' title="bbox 138 3437 1200 3649; baseline -0.001 -85"><span class='ocrx_word' id='word_1_290' title='bbox 138 3511 206 3564; x_wconf 82' lang='lat' dir='ltr'><strong>tum</strong></span> <span class='ocrx_word' id='word_1_291' title='bbox 221 3514 280 3566; x_wconf 90' lang='lat' dir='ltr'><strong>est.</strong></span> <span class='ocrx_word' id='word_1_292' title='bbox 326 3501 522 3567; x_wconf 82' lang='lat' dir='ltr'><strong>Praetoribus</strong></span> <span class='ocrx_word' id='word_1_293' title='bbox 536 3520 664 3587; x_wconf 88' lang='lat' dir='ltr'><strong>quoque</strong></span> <span class='ocrx_word' id='word_1_294' title='bbox 685 3501 717 3565; x_wconf 90' lang='lat' dir='ltr'><strong>in</strong></span> <span class='ocrx_word' id='word_1_295' title='bbox 734 3500 925 3586; x_wconf 87' lang='lat' dir='ltr'><strong>Hispaniam</strong></span> <span class='ocrx_word' id='word_1_296' title='bbox 947 3437 1200 3649; x_wconf 70' lang='lat' dir='ltr'><strong>supplementum</strong></span> 
     </span>
     <span class='ocr_line' id='line_1_38' title="bbox 136 3585 1201 3676; baseline -0.002 -24"><span class='ocrx_word' id='word_1_297' title='bbox 136 3588 317 3670; x_wconf 84' lang='lat' dir='ltr'><strong>petentibus</strong></span> <span class='ocrx_word' id='word_1_298' title='bbox 339 3602 506 3676; x_wconf 84' lang='lat' dir='ltr'><strong>negatum:</strong></span> <span class='ocrx_word' id='word_1_299' title='bbox 531 3587 580 3652; x_wconf 91' lang='lat' dir='ltr'><strong>M.</strong></span> <span class='ocrx_word' id='word_1_300' title='bbox 594 3587 694 3652; x_wconf 88' lang='lat' dir='ltr'><strong>Junio</strong></span> <span class='ocrx_word' id='word_1_301' title='bbox 713 3589 749 3652; x_wconf 86' lang='lat' dir='ltr'><strong>in</strong></span> <span class='ocrx_word' id='word_1_302' title='bbox 774 3587 961 3663; x_wconf 88' lang='lat' dir='ltr'><strong>citeriorem,</strong></span> <span class='ocrx_word' id='word_1_303' title='bbox 1003 3585 1201 3672; x_wconf 78' lang='lat' dir='ltr'><strong>pLucretio</strong></span> 
     </span>
    </p>
   </div>
   <div class='ocr_carea' id='block_1_8' title="bbox 137 3669 1200 3916">
    <p class='ocr_par' dir='ltr' id='par_1_15' title="bbox 137 3669 1200 3916">
     <span class='ocr_line' id='line_1_39' title="bbox 137 3669 1200 3770; baseline -0.003 -32"><span class='ocrx_word' id='word_1_304' title='bbox 137 3675 170 3738; x_wconf 87' lang='lat' dir='ltr'><strong>in</strong></span> <span class='ocrx_word' id='word_1_305' title='bbox 183 3672 377 3770; x_wconf 76' lang='lat' dir='ltr'><strong>uberiorem.</strong></span> <span class='ocrx_word' id='word_1_306' title='bbox 413 3675 451 3740; x_wconf 86' lang='lat' dir='ltr'><strong>C.</strong></span> <span class='ocrx_word' id='word_1_307' title='bbox 468 3673 609 3738; x_wconf 85' lang='lat' dir='ltr'><strong>Licinius</strong></span> <span class='ocrx_word' id='word_1_308' title='bbox 625 3673 757 3739; x_wconf 87' lang='lat' dir='ltr'><strong>Crassus</strong></span> <span class='ocrx_word' id='word_1_309' title='bbox 772 3673 926 3738; x_wconf 80' lang='lat' dir='ltr'><strong>urbanum</strong></span> <span class='ocrx_word' id='word_1_310' title='bbox 936 3669 1200 3758; x_wconf 87' lang='lat' dir='ltr'><strong>jurisdictionem,</strong></span> 
     </span>
     <span class='ocr_line' id='line_1_40' title="bbox 379 3835 964 3916; baseline -0.002 -24"><span class='ocrx_word' id='word_1_311' title='bbox 379 3841 434 3892; x_wconf 78' lang='lat' dir='ltr'><strong>llA.</strong></span> <span class='ocrx_word' id='word_1_312' title='bbox 446 3845 464 3892; x_wconf 92' lang='lat' dir='ltr'><strong>l.</strong></span> <span class='ocrx_word' id='word_1_313' title='bbox 474 3842 503 3888; x_wconf 86' lang='lat' dir='ltr'><strong>L.</strong></span> <span class='ocrx_word' id='word_1_314' title='bbox 515 3844 590 3891; x_wconf 87' lang='lat' dir='ltr'><strong>Gron.</strong></span> <span class='ocrx_word' id='word_1_315' title='bbox 719 3835 799 3916; x_wconf 74' lang='lat' dir='ltr'><strong>¹quid</strong></span> <span class='ocrx_word' id='word_1_316' title='bbox 807 3845 883 3890; x_wconf 83' lang='lat' dir='ltr'><strong>Gran.</strong></span> <span class='ocrx_word' id='word_1_317' title='bbox 895 3844 964 3891; x_wconf 81' lang='lat' dir='ltr'><strong>Creu.</strong></span> 
     </span>
    </p>
   </div>
   <div class='ocr_carea' id='block_1_9' title="bbox 136 3981 1242 4382">
    <p class='ocr_par' dir='ltr' id='par_1_16' title="bbox 136 3981 1242 4382">
     <span class='ocr_line' id='line_1_41' title="bbox 168 3981 1242 4054; baseline -0.005 -14"><span class='ocrx_word' id='word_1_318' title='bbox 168 4000 200 4040; x_wconf 79' lang='lat'><strong>80</strong></span> <span class='ocrx_word' id='word_1_319' title='bbox 225 3994 259 4041; x_wconf 82' lang='lat' dir='ltr'><strong>A.</strong></span> <span class='ocrx_word' id='word_1_320' title='bbox 287 3988 437 4054; x_wconf 75' lang='lat' dir='ltr'><strong>Postumius]</strong></span> <span class='ocrx_word' id='word_1_321' title='bbox 472 3994 595 4039; x_wconf 86' lang='lat' dir='ltr'><strong>Hactenus</strong></span> <span class='ocrx_word' id='word_1_322' title='bbox 622 3991 653 4038; x_wconf 70' lang='lat'><strong>1..</strong></span> <span class='ocrx_word' id='word_1_323' title='bbox 682 3988 805 4051; x_wconf 67' lang='lat' dir='ltr'><strong>molonis]</strong></span> <span class='ocrx_word' id='word_1_324' title='bbox 827 3989 935 4045; x_wconf 69' lang='lat' dir='ltr'><strong>Sigonius</strong></span> <span class='ocrx_word' id='word_1_325' title='bbox 952 3987 1052 4036; x_wconf 87' lang='lat' dir='ltr'><strong>inseruit</strong></span> <span class='ocrx_word' id='word_1_326' title='bbox 1067 4001 1147 4036; x_wconf 84' lang='lat' dir='ltr'><strong>rocem</strong></span> <span class='ocrx_word' id='word_1_327' title='bbox 1165 3989 1199 4035; x_wconf 86' lang='lat' dir='ltr'><strong>ai-</strong></span> <span class='ocrx_word' id='word_1_328' title='bbox 1239 3981 1242 3987; x_wconf 50' lang='lat'><strong>¹</strong></span> 
     </span>
     <span class='ocr_line' id='line_1_42' title="bbox 136 4054 1007 4116; baseline -0.005 -13"><span class='ocrx_word' id='word_1_329' title='bbox 136 4055 283 4106; x_wconf 79' lang='lat' dir='ltr'><strong>Postumius.</strong></span> <span class='ocrx_word' id='word_1_330' title='bbox 314 4057 451 4110; x_wconf 87' lang='lat' dir='ltr'><strong>Debuerant</strong></span> <span class='ocrx_word' id='word_1_331' title='bbox 462 4054 562 4105; x_wconf 76' lang='lat' dir='ltr'><strong>editores</strong></span> <span class='ocrx_word' id='word_1_332' title='bbox 573 4067 654 4116; x_wconf 86' lang='lat' dir='ltr'><strong>parere</strong></span> <span class='ocrx_word' id='word_1_333' title='bbox 686 4063 733 4112; x_wconf 80' lang='lat' dir='ltr'><strong>ter,</strong></span> <span class='ocrx_word' id='word_1_334' title='bbox 745 4067 799 4115; x_wconf 75' lang='lat' dir='ltr'><strong>quse</strong></span> <span class='ocrx_word' id='word_1_335' title='bbox 810 4054 939 4102; x_wconf 67' lang='lat' dir='ltr'><strong>necareris</strong></span> <span class='ocrx_word' id='word_1_336' title='bbox 949 4059 1007 4100; x_wconf 75' lang='lat' dir='ltr'><strong>erat.</strong></span> 
     </span>
     <span class='ocr_line' id='line_1_43' title="bbox 138 4114 1200 4186; baseline -0.005 -15"><span class='ocrx_word' id='word_1_337' title='bbox 138 4123 235 4186; x_wconf 75' lang='lat' dir='ltr'><strong>sigonio</strong></span> <span class='ocrx_word' id='word_1_338' title='bbox 251 4133 388 4184; x_wconf 71' lang='lat' dir='ltr'><strong>prenomen</strong></span> <span class='ocrx_word' id='word_1_339' title='bbox 405 4120 590 4182; x_wconf 69' lang='lat' dir='ltr'><strong>huiuscemodi</strong></span> <span class='ocrx_word' id='word_1_340' title='bbox 602 4135 653 4167; x_wconf 89' lang='lat' dir='ltr'><strong>cor·</strong></span> <span class='ocrx_word' id='word_1_341' title='bbox 717 4126 749 4166; x_wconf 75' lang='lat'><strong>32</strong></span> <span class='ocrx_word' id='word_1_342' title='bbox 768 4121 810 4166; x_wconf 81' lang='lat' dir='ltr'><strong>Ga.</strong></span> <span class='ocrx_word' id='word_1_343' title='bbox 830 4114 948 4180; x_wconf 77' lang='lat' dir='ltr'><strong>Sicinius]</strong></span> <span class='ocrx_word' id='word_1_344' title='bbox 974 4119 1040 4166; x_wconf 83' lang='lat' dir='ltr'><strong>Editi</strong></span> <span class='ocrx_word' id='word_1_345' title='bbox 1062 4119 1151 4166; x_wconf 81' lang='lat' dir='ltr'><strong>habent</strong></span> <span class='ocrx_word' id='word_1_346' title='bbox 1173 4121 1200 4166; x_wconf 80' lang='grc'><strong>0.</strong></span> 
     </span>
     <span class='ocr_line' id='line_1_44' title="bbox 137 4183 1201 4250; baseline -0.003 -15"><span class='ocrx_word' id='word_1_347' title='bbox 137 4189 223 4250; x_wconf 78' lang='lat' dir='ltr'><strong>&#39;rigenti</strong></span> <span class='ocrx_word' id='word_1_348' title='bbox 240 4203 268 4235; x_wconf 83' lang='lat' dir='ltr'><strong>ex</strong></span> <span class='ocrx_word' id='word_1_349' title='bbox 281 4189 360 4247; x_wconf 85' lang='lat' dir='ltr'><strong>Livio,</strong></span> <span class='ocrx_word' id='word_1_350' title='bbox 374 4187 498 4236; x_wconf 78' lang='lat' dir='ltr'><strong>t.x1.1.c.</strong></span> <span class='ocrx_word' id='word_1_351' title='bbox 509 4185 653 4236; x_wconf 49' lang='lat' dir='ltr'><strong>sittim·</strong></span> <span class='ocrx_word' id='word_1_352' title='bbox 685 4183 801 4232; x_wconf 75' lang='lat' dir='ltr'><strong>Sicinius.</strong></span> <span class='ocrx_word' id='word_1_353' title='bbox 834 4185 879 4231; x_wconf 88' lang='lat' dir='ltr'><strong>Sed</strong></span> <span class='ocrx_word' id='word_1_354' title='bbox 891 4195 963 4242; x_wconf 88' lang='lat' dir='ltr'><strong>quum</strong></span> <span class='ocrx_word' id='word_1_355' title='bbox 976 4189 1082 4246; x_wconf 77' lang='lat' dir='ltr'><strong>strupra</strong></span> <span class='ocrx_word' id='word_1_356' title='bbox 1094 4187 1123 4232; x_wconf 86' lang='lat' dir='ltr'><strong>&#39;et</strong></span> <span class='ocrx_word' id='word_1_357' title='bbox 1138 4185 1201 4232; x_wconf 80' lang='lat' dir='ltr'><strong>infra</strong></span> 
     </span>
     <span class='ocr_line' id='line_1_45' title="bbox 137 4251 1201 4316; baseline -0.003 -16"><span class='ocrx_word' id='word_1_358' title='bbox 137 4255 170 4302; x_wconf 89' lang='lat' dir='ltr'><strong>tia</strong></span> <span class='ocrx_word' id='word_1_359' title='bbox 181 4255 330 4316; x_wconf 81' lang='lat' dir='ltr'><strong>Capitolinis.</strong></span> <span class='ocrx_word' id='word_1_360' title='bbox 685 4253 782 4297; x_wconf 80' lang='lat' dir='ltr'><strong>vocetur</strong></span> <span class='ocrx_word' id='word_1_361' title='bbox 806 4251 849 4296; x_wconf 82' lang='lat' dir='ltr'><strong>Cn·</strong></span> <span class='ocrx_word' id='word_1_362' title='bbox 866 4262 1000 4310; x_wconf 75' lang='lat' dir='ltr'><strong>prenomen</strong></span> <span class='ocrx_word' id='word_1_363' title='bbox 1020 4251 1041 4298; x_wconf 83' lang='lat' dir='ltr'><strong>ei</strong></span> <span class='ocrx_word' id='word_1_364' title='bbox 1064 4265 1132 4300; x_wconf 88' lang='lat' dir='ltr'><strong>suum</strong></span> <span class='ocrx_word' id='word_1_365' title='bbox 1155 4251 1201 4298; x_wconf 86' lang='lat' dir='ltr'><strong>hoo</strong></span> 
     </span>
     <span class='ocr_line' id='line_1_46' title="bbox 167 4314 1007 4382; baseline 0 -16"><span class='ocrx_word' id='word_1_366' title='bbox 167 4326 196 4367; x_wconf 80' lang='grc'><strong>31</strong></span> <span class='ocrx_word' id='word_1_367' title='bbox 217 4320 301 4382; x_wconf 84' lang='lat' dir='ltr'><strong>Neque</strong></span> <span class='ocrx_word' id='word_1_368' title='bbox 322 4319 351 4364; x_wconf 85' lang='lat' dir='ltr'><strong>ab</strong></span> <span class='ocrx_word' id='word_1_369' title='bbox 371 4318 444 4365; x_wconf 83' lang='lat' dir='ltr'><strong>altero</strong></span> <span class='ocrx_word' id='word_1_370' title='bbox 467 4323 575 4365; x_wconf 72' lang='lat' dir='ltr'><strong>animum</strong></span> <span class='ocrx_word' id='word_1_371' title='bbox 593 4317 654 4364; x_wconf 81' lang='lat' dir='ltr'><strong>alter</strong></span> <span class='ocrx_word' id='word_1_372' title='bbox 686 4329 779 4377; x_wconf 86' lang='lat' dir='ltr'><strong>qnoque</strong></span> <span class='ocrx_word' id='word_1_373' title='bbox 788 4317 841 4364; x_wconf 85' lang='lat' dir='ltr'><strong>loco</strong></span> <span class='ocrx_word' id='word_1_374' title='bbox 851 4314 1007 4366; x_wconf 79' lang='lat' dir='ltr'><strong>restituimus.</strong></span> 
     </span>
    </p>
   </div>
   <div class='ocr_carea' id='block_1_10' title="bbox 0 0 1532 4976">
    <p class='ocr_par' dir='ltr' id='par_1_17' title="bbox 0 0 1532 4976">
     <span class='ocr_line' id='line_1_47' title="bbox 0 0 1532 4976; baseline 0 1"><span class='ocrx_word' id='word_1_375' title='bbox 0 0 1532 4976; x_wconf 95' lang='lat' dir='ltr'><strong> </strong></span> 
     </span>
    </p>
   </div>
  </div>
 </body>
</html>
