3154 4984
487 216 583 278 ura.
603 213 696 277 xcv.
727 213 830 275 car.
854 213 986 276 xxxv.
1209 213 1266 278 eos
1302 201 1310 212 “

207 363 425 466 pervenerant,
442 381 540 466 q‘irnin
560 379 720 446 Eumenes
741 379 785 457 ud
798 377 913 445 S'ardes
937 379 1074 466 undique
1091 381 1345 466 exarchumde.
1357 399 1413 448 eso

207 479 417 550 contraxerat.
462 466 513 532 Ibi
534 478 565 531 et
584 467 719 532 Romani
742 465 949 532 Solovettium
971 465 1085 532 ducem
1101 465 1412 533 Gallorum-0³⁶2

163 589 166 598 =
210 551 368 638 Synnadis
386 551 534 630 adlocuti,
549 565 582 618 et
595 554 722 619 Attalus
736 573 809 617 cum
824 554 869 618 eis
890 552 1067 640 profectum
1090 552 1145 618 sed
1166 567 1270 620 castra

209 639 375 705 Gallorum
391 641 509 706 intrare
519 661 591 704 eum
608 661 672 704 uon
688 639 816 725 placuit,
826 661 868 704 ne
877 639 975 704 animi
990 663 1027 704 ex
1043 639 1270 725 disceptatione

204 725 418 792 irritarentur.
463 726 502 792 P.
518 725 660 790 Licinius
675 747 747 790 cum
763 725 875 810 regulo
890 724 1057 791 Gallorum
1072 739 1118 790 est
1135 725 1268 806 locutus,

206 809 423 898 intulitque,
437 811 621 877 ferociorem
642 833 714 876 eum
728 810 929 897 deprecando
949 809 1079 876 factum.
1101 824 1138 876 ut
1152 813 1269 878 mirum

208 898 312 980 rideri,
323 912 438 984 posset,
453 899 534 963 inter
548 909 632 963 tamt
646 897 813 984 opulentos
830 919 929 986 reges,
947 897 1143 962 Antiochum
1162 895 1269 963 Ptole-

210 1005 399 1071 maeumque,
417 997 541 1050 tantum
566 984 741 1069 legatorum
770 985 987 1049 Romanorum
1010 985 1106 1049 verba
1127 985 1269 1062 valuisse,

124 1108 129 1113 ·
209 1070 418 1220 ptextemplo
439 1093 548 1157 pacem
570 1070 727 1149 facerent3
749 1071 834 1158 apud
850 1069 959 1135 Gallos
981 1070 1096 1136 nullius
1119 1073 1270 1136 momenti

226 1180 316 1224 ursae.
464 1215 465 1218 ,
724 1205 727 1212 -

216 1297 220 1308 .
254 1243 406 1310 XXXV.
431 1245 567 1310 Romam
587 1246 725 1331 primum
741 1259 830 1334 reges
847 1245 974 1330 captivi,
992 1244 1123 1308 Perseus
1138 1256 1170 1309 et
1184 1244 1271 1308 Gon·

211 1329 283 1408 tius,
299 1332 332 1396 in
346 1331 522 1400 custodiam
536 1353 609 1397 curn
630 1331 736 1396 liberis
757 1331 905 1408 abducti3
927 1332 999 1396 dein
1016 1331 1109 1420 turba
1123 1330 1183 1396 alia
1198 1351 1272 1416 eap-

211 1419 366 1483 tivorum:
397 1429 465 1482 tum
495 1419 609 1504 quibus
635 1418 851 1484 Macedonum
878 1418 1101 1483 denunciatum
1131 1430 1209 1492 erat,
1236 1429 1273 1480 ut

216 1503 352 1568 Romam
379 1505 530 1580 venirent,
554 1504 797 1592 principumque
823 1503 971 1569 G'raeciae.
997 1525 1070 1568 nam
1092 1503 1125 1568 hi
1147 1523 1274 1590 quoqne

212 1611 278 1654 non
304 1590 405 1656 solum
430 1589 600 1676 prae'sentes
622 1591 717 1655 exciti
739 1603 839 1668 erant,
859 1591 914 1655 scd
938 1592 1043 1667 etiam,
1062 1591 1088 1652 si
1110 1591 1165 1676 qui
1188 1590 1275 1674 apud

214 1698 303 1764 reges
327 1699 393 1741 esse
417 1677 614 1753 dicebantur,
637 1677 734 1743 literis
759 1678 897 1742 arcessiti
923 1691 1006 1741 sunt.
1054 1676 1182 1741 Paullus
1207 1677 1435 1762 ipsel’aunusno.

214 1775 285 1848 post
310 1762 376 1828 dies
401 1785 518 1848 paucos
543 1764 630 1852 regia
655 1785 735 1828 nave
759 1764 896 1852 ingentis
916 1762 1156 1843 mannitudinis,
1179 1783 1273 1850 quam
1282 1755 1436 1832 mamappsr·

103 1919 105 1922 ,
213 1849 371 1914 sexdecim
387 1872 491 1915 versas
506 1871 665 1914 remorum
680 1850 825 1939 agebant,
842 1863 953 1914 ornata
969 1817 1189 1914 htacedonicis
1204 1871 1274 1934 spo·
1283 1819 1393 1936 Ἇὶζῑῗξὲξ,
1404 1887 1430 1928 e,

161 1940 163 1946 ’
214 1934 275 2012 liis,
300 1958 364 2000 non
386 1937 557 2020 insignium
579 1949 702 2002 tanturn
725 1957 897 2012 armorum,
913 1937 967 2002 sed
992 1937 1086 2001 etiam
1114 1937 1406 2022 regiorumocraviua

215 2021 382 2099 textilium,
397 2022 530 2088 adverso
544 2022 656 2088 Tiberi
672 2023 710 2087 ad
733 2022 842 2088 urbem
859 2038 905 2088 est
921 2026 1096 2100 subvectus,
1113 2023 1277 2108 completis

217 2110 293 2194 ripis
307 2109 431 2173 obviarn
454 2109 552 2174 effusa
575 2109 785 2174 multitudine.
833 2109 955 2174 Paucos
976 2124 1048 2195 post
1062 2110 1128 2174 dies
1145 2110 1277 2174 Anicius

216 2210 247 2258 et
263 2195 414 2260 Octavius
427 2195 526 2260 classe
546 2217 603 2259 sna
624 2195 755 2261 advecti.
800 2195 920 2260 Tribus
941 2197 979 2260 iis
1000 2197 1148 2258 omnibus
1170 2195 1278 2259 decre·

218 2295 267 2346 tus
281 2293 327 2355 est
341 2281 382 2345 ab
397 2295 505 2347 senatu
521 2281 715 2366 triumphus:
741 2280 923 2347 mandatum
949 2304 987 2346 ue
1003 2282 1047 2358 Q.
1065 2282 1177 2345 Cassio
1194 2291 1435 2370 pra-isdumphus

216 2367 287 2442 tori,
303 2389 375 2432 eum
398 2368 533 2433 tribunis
557 2367 655 2454 plebis
669 2390 710 2432 ox
734 2369 922 2432 auctoritate
966 2380 1070 2432 atrurn
1092 2380 1211 2454 ageret,
1227 2358 1441 2468 &resumptus

215 2455 376 2542 gailonem
399 2454 440 2519 ad
465 2454 589 2540 plebem
610 2454 737 2531 ferrent,
754 2468 788 2518 ut
808 2454 858 2530 iis,
874 2475 939 2540 qno
960 2453 1012 2519 die
1033 2454 1144 2518 urbem
1168 2434 1408 2518 trium-“mm

216 2540 349 2625 phantes
371 2539 605 2619 inveherentur,
621 2541 787 2625 imperium
807 2554 897 2606 esset.
941 2542 1066 2606 Intacta
1080 2538 1200 2605 invidia
1213 2562 1278 2604 me-

217 2627 270 2692 dia
292 2639 382 2691 suntt
409 2628 449 2690 ad
475 2649 598 2691 summa
624 2629 725 2692 fermo
746 2626 858 2692 tendit.
881 2649 940 2692 nec
962 2627 1002 2692 de
1023 2628 1139 2703 Anicii,
1160 2649 1217 2692 nec
1238 2627 1278 2691 de

218 2713 345 2780 Octavii
362 2713 525 2798 triumpho
540 2713 718 2779 dubitatum
740 2727 804 2778 est:
829 2713 987 2792 Paullum,
1003 2715 1055 2779 cui
1074 2715 1134 2800 ipsi
1154 2706 1383 2800 qnoque'rrium-

218 2823 250 2865 se
286 2822 470 2885 comparare
502 2800 710 2881 erubuissent,
745 2801 931 2868 obtrectatio
967 2802 1095 2888 carpsit.
1139 2793 1444 2905 Antiquapnuup’aul·

218 2886 384 2973 disciplina
398 2886 510 2951 milites
525 2887 698 2962 habuerat3
721 2888 759 2952 de
779 2888 890 2974 praeda
910 2889 1046 2974 parcius,
1062 2911 1157 2972 quarn
1174 2863 1413 2985 spera·{,⁰1„¹{,¹};,t{⁸

219 2987 329 3039 verant
350 2995 390 3038 ex
412 2973 507 3038 tantis
528 2973 622 3060 regiis
643 2973 770 3060 opibus,
784 2974 916 3039 dederat
938 2975 1017 3038 nihil
1040 2975 1223 3053 relicturis²,
1240 2975 1280 3059 (si
1288 2992 1382 3037 volunt

219 3059 361 3125 aviditati
385 3059 616 3148 indulgeretur)
638 3059 725 3146 quod
749 3061 781 3123 in
811 3061 958 3124 aerarium
982 3060 1131 3126 deferret.
1177 3061 1281 3125 Totus

221 3145 450 3212 Macedonicus
464 3146 623 3211 exercitus
646 3148 827 3231 imperatori
849 3160 916 3210 erat
937 3151 1141 3234 negleoenter
1155 3145 1281 3211 adfutu-

219 3254 274 3297 rus
292 3233 427 3298 comitiis
446 3230 585 3297 serendae
610 3231 696 3318 legis.
742 3232 805 3298 Sed
828 3255 881 3296 eos
904 3234 974 3299 Ser.
991 3199 1151 3317 Snipioius
1166 3232 1281 3312 Galba,
1360 3237 1364 3246 ’

221 3320 276 3406 qui
290 3319 436 3384 tribunus
450 3318 585 3384 militum
601 3318 748 3384 secundae
763 3318 894 3406 legionis
914 3320 947 3386 in
965 3319 1155 3384 Macedonia
1168 3317 1281 3394 fuerat,

219 3406 365 3555 privatim
393 3405 575 3488 imperatori
599 3405 756 3485 inimicus,
775 3407 958 3506 prensando
979 3407 1056 3491 ipss,
1077 3419 1108 3470 et
1134 3427 1192 3490 per
1216 3427 1282 3468 suae
1334 3471 1341 3480 ,

232 3492 351 3580 egionis
375 3491 489 3556 milites
515 3491 725 3569 sollicitando,
746 3491 970 3569 stimulaverat,
986 3506 1022 3556 ut
1042 3491 1221 3580 frequentes
1241 3491 1283 3555 ad

221 3577 404 3666 suffragium
427 3577 588 3644 adessent:
611 3578 809 3661 Imperiosum
824 3581 924 3644 ducem
943 3590 972 3644 et
986 3579 1182 3664 ⁶⁹maligrrum
1200 3581 1285 3643 anti-

218 3667 343 3750 quando
356 3668 558 3752 rogationem,
573 3685 642 3750 quae
655 3667 693 3728 de
706 3666 860 3748 triumpho
872 3665 936 3749 ejus
936 3666 1091 3750 firmetur,
1107 3667 1285 3730 telcisceren·

220 3761 283 3817 tur.
299 3753 418 3834 plebem
431 3753 580 3815 urbanam
601 3757 767 3816 secuturam
784 3773 845 3816 esse
867 3753 995 3822 militum
1006 3751 1143 3835 judicio.
1189 3754 1285 3816 Pecu·

222 3840 306 3902 niam
322 3841 406 3902 illum
422 3841 498 3902 dore
516 3859 576 3902 non
592 3839 738 3920 potuisse,
754 3837 909 3906 l⁰mililem
924 3839 1065 3902 honorem
1081 3841 1157 3902 dore
1172 3843 1285 3922 posse?

222 3945 261 3988 ne
273 3935 414 4010 speraret
428 3924 615 4008 ibiflrtctum
627 3925 753 4008 gratier,
768 3925 821 3988 abr·
835 3945 897 3987 non
911 3927 1074 3990 meruisset.

456 4083 529 4128 tram
541 4082 589 4130 dei.
599 4081 672 4128 Gron.
686 4081 767 4156 Creu,
821 4083 836 4112 ²
851 4079 976 4128 relicturas
987 4077 1055 4126 Eaed.

258 4207 291 4254 68
305 4210 441 4271 &tulitque
449 4209 602 4274 firoeiorrm]
620 4211 674 4257 Vid.
685 4223 740 4271 quae
773 4211 819 4258 hoe
830 4211 883 4257 loco
894 4212 988 4258 vadant
1000 4213 1132 4264 admodum
1143 4211 1292 4259 doctissimo-

222 4276 396 4324 annotavimus
406 4278 552 4338 supraade.
564 4275 603 4322 20.
773 4289 829 4321 rurn
854 4289 949 4336 quoque
973 4276 1133 4336 interpretum
1156 4276 1290 4323 sententiae.
1356 4283 1360 4295 “

255 4337 287 4383 69
304 4338 456 4402 Molignam]
473 4341 555 4388 Nimia
565 4353 672 4399 parcum.
775 4339 851 4388 Nobis
862 4339 923 4386 nihil
935 4341 1022 4386 melius
1030 4343 1214 4402 videtur,qnam
1226 4341 1292 4400 quod

257 4402 288 4449 70
305 4403 410 4452 Militem
420 4405 528 4454 honorem
539 4405 595 4452 dore
609 4403 684 4469 porro]
704 4405 741 4460 De
777 4405 874 4466 sigonio
885 4406 990 4464 placuit:
1008 4401 1106 4454 militem
1118 4407 1225 4453 honorem
1237 4404 1293 4450 dore
