3154 4984
482 158 578 222 tra.
598 156 703 246 xcv„
719 163 777 220 ca
792 163 824 220 r.
845 141 963 222 xant.
1196 167 1255 244 ‚21⁵

189 314 239 388 los
256 315 403 386 ”binum
417 321 552 392 millium
564 323 646 388 aeria.
658 321 754 405 Bitia,
765 346 836 391 cum
846 324 959 392 ceteris
971 322 1132 412 obsidibus
1142 347 1162 390 a
1173 323 1252 390 Car·
1262 339 1330 406 uto
1342 337 1406 410 tet,
1473 399 1475 404 ,

191 401 284 468 aeolis
293 407 473 487 arcessitus,
489 405 667 494 ad'patrem
682 432 754 498 cum
780 405 891 498 legatis
917 407 1039 498 missus.
1083 403 1188 496 Nares
1201 434 1252 476 re-
1260 398 1328 490 00·
1341 401 1398 452 ¹⁶⁷·

189 490 265 576 gtae,
279 505 382 577 captae
397 494 437 562 de
452 493 685 560 Macedonibus
700 496 892 562 “inusitatae
921 513 995 564 ante
1015 497 1250 584 magnitudinis,

188 577 224 642 in
239 598 353 662 campo
368 578 491 645 Martio
505 580 669 646 subductae
684 594 766 647 sunt.
1103 651 1106 656 ,
1133 660 1136 668 ,

232 663 367 750 XLIII,
390 665 547 733 Hoerentc
560 667 676 749 adhuc,
696 690 761 732 non
787 668 821 731 in
847 669 960 734 animis
981 651 1088 746 modo,
1101 667 1155 733 sed
1170 691 1251 755 pene

190 746 224 812 in
234 749 345 830 oculis,
362 754 513 818 memoria
528 749 729 819 Macedonici
744 753 907 839 triumphi,
924 755 963 819 L.
979 756 1111 822 Anicius
1134 753 1159 793 ²⁵
1169 753 1288 831 Qui-1„
1299 783 1380 830 antur

189 833 343 902 rinalibus
366 835 573 925 triumphavit
595 839 635 904 de
659 861 735 926 rege
760 841 879 906 Gentio
905 840 1093 928 Illyriisque.
1128 840 1407 926 Similiaffihmrhss·
1433 859 1437 864 “

190 921 298 985 omnia
314 925 414 1010 magis
428 925 495 990 visa
513 923 703 1004 hominibus,
720 947 813 1012 quam
829 925 929 1010 paria.
950 927 1055 992 minor
1070 929 1136 1014 ipse
1149 929 1251 1013 impe·

188 1017 286 1085 rator,
309 1009 341 1073 et
362 1010 527 1076 nobilitate
550 1011 681 1076 Anicius
709 1034 781 1076 curn
803 1009 950 1091 AEmili0,
979 1025 1012 1077 et
1026 1014 1099 1099 jure
1127 1012 1252 1099 imperii
1318 1025 1321 1032 '

216 1105 312 1158 roetor
337 1117 409 1160 cum
440 1096 569 1166 consule
590 1097 755 1162 conlatus:
791 1119 856 1164 nou
879 1099 1013 1164 Gentius
1036 1099 1162 1178 Perseo,
1185 1121 1252 1166 non

191 1115 294 1264 illyrii
311 1180 555 1260 Macedonibus,
570 1205 636 1247 non
659 1182 758 1269 spolia
783 1184 900 1268 spoliis,
923 1184 1018 1250 ¹⁶non
1033 1177 1174 1335 fecunia
1195 1208 1250 1271 pe·

147 1329 153 1340 ,
190 1264 305 1343 cuniae,
319 1289 384 1332 non
405 1267 490 1334 dona
514 1269 607 1334 donis
630 1269 806 1355 bomparari
829 1282 987 1357 poterant.
1051 1283 1149 1356 taque¹
1170 1273 1252 1358 sient

191 1350 402 1440 praefulgebat
429 1355 502 1420 huic
524 1353 703 1441 triumphus
726 1377 832 1420 recens
843 1379 854 1437 ;
885 1357 929 1420 ira
951 1356 1123 1443 adparebat
1142 1355 1250 1442 ipsum

190 1458 249 1523 per
272 1461 306 1504 se
324 1439 519 1526 intuentibus¹
540 1463 739 1529 nequaquam
762 1464 827 1506 csse
849 1443 1128 1528 contemnendum.
1171 1441 1250 1526 Per-
1300 1453 1306 1465 '

98 1543 105 1552 ’
190 1521 357 1590 domuerat
370 1524 455 1612 intra
469 1550 585 1613 paucos
599 1528 677 1608 dies,
691 1540 777 1593 terra
792 1527 934 1616 marique
946 1527 1093 1608 ferocem,
1108 1527 1250 1616 locisque

189 1609 319 1675 munitis
332 1609 455 1689 fretam,
470 1626 597 1737 qentem
613 1613 810 1714 lllyriorum:
845 1637 881 1702 ¹re
921 1637 954 1678 m
968 1617 1129 1702 regiaeque
1141 1637 1250 1698 omnes

189 1695 295 1780 stirpis
317 1711 464 1782 ceperats
499 1699 678 1768 ⁷transtulrt
705 1699 737 1762 in
760 1637 959 1788 triumpiirm
979 1701 1079 1765 multa
1103 1699 1250 1768 militaria

188 1780 290 1868 signa,
306 1783 468 1870 spoliaque
481 1785 553 1866 alia,
568 1798 600 1851 et
614 1783 837 1871 supellectilem
851 1785 989 1875 regiam:
1011 1783 1037 1827 ¹⁸
1044 1781 1115 1853 auri
1130 1785 1254 1868 pondo*

190 1867 303 1974 viginti
314 1880 346 1933 et
357 1882 486 1955 septem,
502 1872 626 1958 argenti
648 1871 757 1938 decem
780 1884 812 1937 et
834 1895 945 1938 novem
960 1871 1083 1958 pondo:
1115 1870 1249 1960 ¹?dena·

185 1952 271 2018 rium
293 1955 354 2020 tria
374 1954 484 2035 millia,
506 1970 538 2024 et
557 1957 719 2022 ”centum
742 1953 853 2046 viginti
873 1957 973 2044 millia
994 1958 1095 2044 lllyrii
1116 1981 1151 2022 ar
1174 1961 1250 2026 enti.

189 2041 274 2105 Ante
302 2063 431 2106 currum
454 2042 542 2112 ducti
568 2043 704 2110 Gentius
732 2066 788 2109 rex
810 2067 882 2110 cum
915 2045 1049 2133 con'uge
1081 2056 1113 2110 et
1133 1982 1261 2127 liberis,

189 2135 221 2190 et
238 2125 454 2193 ,Carauantius
467 2127 562 2196 frater
583 2153 618 2196 re
641 2131 676 2208 is,
699 2141 731 2194 et
752 2129 793 2194 ali
817 2144 873 2197 not
895 2068 1016 2196 nobiles
1042 2130 1152 2218 illyrii.
1197 2131 1251 2198 De

137 2289 141 2298 ¹
188 2210 300 2296 proeda
312 2213 465 2280 militibus
479 2216 513 2282 in
528 2216 574 2282 sin
599 2153 669 2298 ulos
693 2153 945 2314 ”quadragenos
960 2216 1072 2302 quinos
1093 2217 1248 2305 denariqs,

188 2295 306 2383 duplex
321 2301 508 2380 centurioni,
522 2240 640 2389 tripiex
650 2301 759 2452 equits,
771 2303 862 2366 sociis
873 2303 1011 2367 nominis
1026 2301 1134 2368 Latini
1150 2324 1266 2388 quam.

189 2395 258 2448 tum
280 2385 411 2468 civibus,
432 2399 464 2458 et
485 2387 578 2464 sociis
599 2410 662 2452 nav
693 2386 763 2452 ibus
785 2387 873 2454 dedit
901 2401 1056 2475 quantum
1087 2386 1250 2459 militibus.

189 2469 309 2535 Loetior
329 2471 416 2538 hunc
438 2474 532 2539 trium
557 2474 635 2546 hum
657 2487 704 2538 est
725 2487 849 2538 secutus
872 2475 971 2553 miles,
996 2471 1164 2560 multisque
1185 2472 1251 2562 dux
1316 2543 1318 2548 ,

115 2577 119 2584 ·
188 2555 256 2640 ipse
280 2558 472 2624 carminibus
504 2496 691 2648 celebratus.
722 2559 935 2625 ”sestertium
959 2560 1119 2625 ducenties
1147 2580 1188 2623 ex
1213 2582 1252 2626 ea

188 2641 297 2726 praeda
317 2643 482 2712 redactum
497 2669 574 2728 esse,
589 2659 700 2714 auctor
718 2657 766 2711 est
788 2647 912 2725 Antias,
929 2658 1045 2732 praeter
1065 2666 1178 2711 aurum
1199 2667 1251 2724 ar·

542 2813 547 2822 ,
575 2766 728 2830 samua
740 2768 895 2818 cauom.

225 2861 359 2912 tanaus
378 2865 481 2914 mam
510 2867 577 2934 ιώ]
607 2867 703 2914 Marca-
769 2866 1250 2931 luamutgsstteraeptaa..pond0]
1324 2877 1330 2888 ¹

189 2939 245 2974 rum
253 2929 347 2990 argenti
358 2931 623 2981 camusnanesre
632 2931 654 2979 1.
736 2931 833 2980 Marcus
841 2939 963 2992 nostrates
969 2933 1010 2981 42.
1020 2933 1157 2980 mundas
1167 2933 1191 2981 3.
1201 2932 1251 2980 Ar.

222 2989 253 3038 14
268 2991 395 3038 inusitata
404 2998 457 3040 cate
466 2994 649 3059 magaritadlaia]
667 2995 704 3044 si·
731 2997 803 3057 gerris·
815 2997 890 3045 decem
907 3001 931 3044 el
942 3009 1030 3046 marm.
1047 2997 1143 3044 Marcus
1155 2999 1193 3047 29.
1205 3012 1251 3044 un-

187 3067 217 3101 sa
237 3055 362 3116 vulgatam
377 3058 507 3106 lectionem
525 3073 634 3122 sequare,
653 3061 703 3107 slve
731 3061 783 3107 ⁴cias
795 3059 818 3106 ὅ.
829 3061 978 3108 semunciam
996 3060 1019 3108 1.
1036 3061 1124 3107 Merito
1141 3063 1251 3108 observat

187 3131 244 3166 cum
255 3121 376 3168 Gronovio
386 3125 500 3171 amandas
511 3126 645 3182 lanima,
656 3123 703 3170 nti·
735 3125 870 3171 Gronovius
884 3127 947 3172 hanc
957 3137 1080 3172 summam
1095 3125 1250 3184 perexiguam

186 3196 234 3242 qus
241 3183 427 3250 intelligendum
438 3193 484 3243 eat,
496 3188 620 3236 Romanis.
637 3188 702 3235 Nam
734 3201 796 3243 ease,
804 3194 829 3234 et
838 3190 930 3250 aliquid
941 3190 1041 3236 tortum
1053 3189 1105 3235 vitii
1112 3201 1164 3238 essa
1172 3189 1198 3248 iu
1207 3203 1251 3236 nu·

186 3252 251 3293 notae
268 3255 387 3310 suut‚nec
403 3250 513 3312 ignorare
523 3253 651 3312 aaspotuit
662 3251 704 3298 Li·
734 3253 815 3296 meris.

186 3311 254 3422 illd
263 3309 472 3362 Hieronis'navia
484 3331 539 3377 quae
557 3316 643 3427 viglnltl
664 3329 704 3426 or}
768 3313 947 3430 lllqfflaridreq
966 3317 1015 3429 iqua
1036 3316 1125 3382 uiridia]
1155 3314 1251 3363 Muscas

186 3389 419 3502 annaibffiiffl
432 3388 703 3508 ‘iffiblirnti‘i‘erdb
725 3393 807 3492 ,seqq
816 3394 1018 3508 omiabnvssuis
1032 3445 1106 3492 mura
1116 3445 1199 3506 ruyru
1210 3459 1250 3490 a·

185 3516 242 3551 rum
252 3506 393 3567 ordinibus3
404 3457 709 3570 Plillopatoriaquaequm
730 3509 811 3572 gasti]
826 3509 880 3556 Non
896 3512 939 3556 aba
954 3523 980 3556 rc
991 3511 1126 3569 suspicatur
1137 3506 1252 3570 Dujatius
1320 3549 1321 3552 ,

185 3567 312 3626 dragintas
330 3571 456 3630 dequibus
465 3575 599 3620 Athenaeus
609 3573 664 3621 LV.
733 3573 774 3620 hic
784 3575 905 3635 designari
915 3573 1072 3632 victoriatos,
1082 3585 1143 3633 quos
1150 3587 1180 3620 ex
1192 3573 1251 3634 llly-

209 3630 250 3684 .15
267 3631 441 3699 Quirinalem]
452 3635 586 3691 Quirinalia
596 3639 702 3686 cslebra·
734 3639 784 3692 rico
801 3640 908 3698 pn'mum
929 3640 1042 3685 advectus
1063 3651 1115 3684 esse
1132 3643 1252 3684 memorat
1297 3657 1298 3660 ¹

187 3697 277 3749 bantm
294 3696 423 3746 Fcbmario
439 3715 533 3758 mense,
552 3716 575 3749 a.
595 3703 619 3750 d.
631 3701 703 3750 XIII.
738 3702 843 3759 Plinius,
863 3704 879 3749 l.
896 3702 1051 3764 XXXlllm·
1062 3701 1087 3748 8.
1104 3701 1253 3750 victoriatus

187 3759 241 3807 llal.
263 3758 376 3818 Martias,
398 3764 423 3810 in
453 3765 569 3813 honorem
599 3765 705 3828 Quirini,
737 3773 819 3814 autem
828 3774 879 3815 erat
890 3765 1189 3828 quinarius,sivedlmidia
1196 3778 1253 3824 para

151 3879 158 3892 .
186 3823 347 3874 asuRomuli.
371 3827 705 3886 vsu.resrumtnv0oeou-
737 3832 836 3880 denarii·
869 3832 1064 3894 ltaquecentum
1080 3831 1167 3890 viginti
1175 3830 1261 3876 millia.

187 3889 286 3947 rs'aultm
298 3896 323 3936 et
334 3893 405 3938 ovid.
415 3894 433 3938 l.
445 3893 480 3940 ll.
492 3893 557 3940 Fata
639 3901 641 3910 ’
735 3895 927 3942 victoriator'um
937 3896 1044 3944 efficiunt
1054 3907 1148 3940 marcas
1158 3894 1253 3954 argenti

219 3952 250 4000 16
267 3953 326 4000 Noa
336 3958 439 4016 pecunia
453 3958 571 4020 prosata]
585 3959 707 4006 limanda·
738 3959 795 4008 937.
806 3961 889 4006 uncias
899 3958 924 4008 4.

186 4016 222 4064 tio
234 4015 335 4078 sigonii.
349 4020 430 4068 Natus
447 4022 518 4068 lectio
529 4023 591 4082 nure
614 4037 705 4086 mape-
770 4023 800 4072 21
820 4022 983 4084 Qrcadrageaor
1014 4020 1101 4084 'qur'nur
1135 4013 1254 4087 denarios]

188 4081 451 4134 minorationem·
636 4095 639 4104 ·
738 4087 827 4134 uncias
835 4088 929 4148 argenti
940 4087 962 4133 δ.
971 4089 1074 4149 g'rosrm
1083 4092 1111 4132 ut
1122 4091 1217 4141 vocant,
1228 4085 1253 4133 ὅ.

188 4154 193 4162 ·
220 4144 613 4232 lt·1t·umru1urnraamptma1
639 4153 704 4214 Lego
768 4153 799 4200 22
816 4148 1091 4213 Sestertidnsduceattcs]
1119 4149 1204 4196 Libras
1215 4164 1254 4196 ar·
1307 4173 1309 4178 ·

188 4219 246 4270 cum
263 4209 386 4268 Gronovio
401 4213 426 4260 ia
443 4217 577 4276 triumphos
594 4231 629 4265 arc
640 4218 705 4265 enim
737 4217 805 4278 genti
822 4213 945 4262 Romanas
962 4215 1050 4264 50000.
1061 4227 1155 4262 marcas
1166 4215 1267 4264 Parlais

187 4283 285 4332 semper
300 4275 397 4336 Liuius,
413 4285 438 4326 st
457 4279 629 4331 Grammatico
645 4281 707 4329 ratio
738 4293 807 4328 enses
820 4274 907 4330 78103.
1112 4285 1116 4296 “

187 4339 304 4394 murat
665 4345 669 4356 '
836 4345 840 4362 '
866 4345 869 4355 '

767 4411 823 4478 rt
875 4461 878 4466 .
