3042 4980
150 445 306 556 ξιιιιιιιιιιιιιο

313 228 390 307 xliv
691 225 1031 320 anra'rlo.
1042 163 1060 230 '-

276 425 462 504 Haec
480 429 678 528 singularis
696 439 756 508 est
772 426 957 508 Gronovii
973 427 1058 508 laus
1061 432 1218 534 ,quod
1207 453 1332 535 ipsum
1345 425 1411 510 Li·

150 523 293 650 {aaran
314 541 364 620 ιιι
382 553 605 622 contextum
623 546 767 645 optime
778 547 1000 645 repurgarit.
1043 547 1221 624 Ceterum
1238 545 1337 626 locis
1348 571 1411 626 sa-

150 651 238 749 ἶζζιιξ
237 707 283 750 2,
313 659 372 736 nis
389 659 556 759 quidem,
575 663 645 738 aad
664 662 779 762 paulo
806 659 1078 739 difficilioribus
1096 663 1261 763 aliquam
1278 663 1413 764 expla-

301 775 506 852 nationem
521 773 746 876 adjungere3
765 775 1020 876 antiquitates,
1034 786 1127 877 puta
1137 779 1254 877 leges
1270 799 1410 869 mores,

313 891 486 967 instituta
503 905 671 968 veterum
689 917 824 993 parum
843 891 957 993 vulgo
974 892 1141 992 cognita,
1155 893 1329 983 breviter,
1345 893 1413 970 ubi

314 1005 466 1084 daretur
484 1009 651 1099 occasio,
672 1010 885 1109 explicare,
912 1009 1091 1110 supplere
1106 1029 1154 1085 ea
1169 1036 1260 1110 quae
1279 1010 1412 1087 Livius

306 1124 362 1214 ¹ab
377 1123 810 1205 aliistraditainterdum
823 1126 970 1218 omisit3
996 1128 1162 1242 paucula
1175 1128 1225 1202 de
1238 1127 1411 1224 Geogra

315 1239 485 1340 phicis
475 1255 648 1332 maerere,
675 1242 826 1342 aliaque
849 1239 1079 1339 hujusmodi
1088 1217 1293 1340 neglexit.
1328 1231 1413 1318 sire

174 1447 178 1454 ¹
233 1345 236 1352 ’
314 1356 474 1462 quodid
494 1357 715 1457 aptioribus
728 1356 881 1432 abunde
892 1357 1098 1457 praesbtum
1111 1358 1304 1449 crederet.;
1327 1357 1412 1434 sive

313 1497 443 1549 curam
457 1499 553 1562 eam,
564 1482 755 1574 tanquam
761 1476 864 1550 fama
875 1499 945 1551 sua
956 1496 1090 1574 parum
1104 1474 1271 1573 dignam,
1283 1496 1413 1574 asper·

312 1599 426 1680 natus
445 1599 515 1666 est.
561 1589 655 1667 Non
673 1590 765 1690 quin
777 1591 869 1667 talia
881 1589 1003 1666 multa
1015 1589 1149 1686 i'nejus
1162 1588 1413 1667 notlsocoor-

311 1698 419 1782 rant:
437 1708 506 1782 sed
518 1705 693 1782 nimirum
707 1727 831 1805 neque
842 1704 1201 1805 omniapersecutus
1213 1714 1283 1795 eat,
1296 1705 1412 1782 stubi

312 1818 456 1937 aliquid
477 1821 697 1919 hujusmodi
715 1822 879 1920 attingit,
894 1822 987 1900 illuc
1002 1845 1082 1903 non
1100 1809 1266 1898 accessit
1283 1821 1411 1898 conm-

312 1937 376 2026 lio,
394 1961 523 2013 verum
541 1962 633 2014 casu
660 1938 809 2013 delatus
828 1947 898 2027 est,
917 1938 1009 2014 dum
1026 1961 1154 2015 veram
1180 1937 1295 2012 alicui
1319 1939 1411 2015 loco
1517 1963 1518 1992 ³

314 2054 448 2130 asserit
464 2053 677 2148 lectionem,
689 2065 756 2131 aut
770 2056 1058 2132 emendationes
1074 2077 1162 2130 suas
1179 2047 1326 2132 limare
1342 2079 1411 2130 co-

312 2173 435 2260 natur,
456 2172 563 2271 quod
580 2161 663 2248 aine
688 2172 855 2273 pleniore
875 2173 992 2249 totius
1017 2171 1159 2270 negotii
1184 2173 1423 2270 tractatione

311 2285 392 2362 fieri
409 2309 488 2363 non
505 2279 662 2386 poterat.
700 2287 896 2388 Alioquin,
910 2287 1094 2390 quidquid
1113 2287 1164 2362 ad
1182 2281 1427 2364 contextum*
1517 2337 1518 2354 ι

311 2403 439 2502 ipsum
452 2427 530 2479 non
543 2403 713 2504 pertinet,
727 2406 913 2505 preterire
926 2404 1061 2482 solitus
1074 2414 1144 2480 est.
1180 2402 1272 2482 Uno
1289 2404 1410 2480 verbo
1517 2435 1518 2454 ι

311 2519 506 2596 restitutor
522 2515 632 2612 Livii,
645 2543 760 2623 quam
776 2521 958 2620 interpres
972 2519 1100 2597 audire
1112 2519 1258 2599 maluit.
1291 2520 1412 2605 Quod

227 2663 230 2666 ·
312 2634 346 2710 si
363 2633 552 2734 integrum
567 2634 738 2712 laborem
756 2632 948 2736 suscipere
960 2661 1038 2712 non
1050 2644 1227 2734 gravatus
1242 2645 1353 2725 esset,
1369 2643 1414 2711 et
1517 2673 1518 2706 l

314 2749 443 2826 omnia
458 2775 543 2850 quae
561 2765 657 2851 opus
684 2763 772 2829 sunt
788 2752 1010 2848 adjumenta
1026 2751 1208 2828 voluisset
1229 2752 1414 2854 suppedi-

202 2944 203 2956 ,
313 2876 394 2942 tare
419 2865 593 2942 studioso
612 2861 710 2942 Livii
736 2867 880 2958 lectori,
897 2868 1064 2944 necdum
1090 2868 1204 2967 plane
1226 2867 1271 2944 in
1294 2868 1412 2944 rebus
1517 2927 1518 2942 ,

225 3137 228 3140 -
312 3099 488 3230 prolecto
514 3097 591 3188 ille,
609 3125 688 3214 qua
705 3109 743 3175 et
759 3100 943 3176 doctrinae
960 3101 1144 3190 ubertate,
1163 3109 1202 3177 et
1225 3100 1413 3178 felicitate
1517 3121 1518 3172 l

150 3485 234 3597 Styvlua
205 3484 305 3610 uaGrlo·

150 3564 198 3662 ιιιιν
183 3614 276 3663 mmor.

313 2979 513 3072 Romanis,
532 2979 571 3058 et
585 2983 821 3084 antiquitatis
835 2983 1050 3084 cognitione
1066 2984 1155 3060 trito
1173 2985 1410 3078 etsubacto;
1517 3045 1518 3056 ι

313 3211 455 3310 ingenii
474 3213 555 3304 fnit,
575 3237 767 3316 perpauca
791 3215 1013 3318 postfuturis
1038 3215 1299 3346 interpretibus
1315 3215 1415 3292 iaci·
1517 3245 1518 3284 ι

314 3331 416 3407 enda
430 3331 652 3433 reliquisset

363 3449 595 3548 Quanquam
609 3475 655 3525 ea
666 3451 751 3549 ipsa
763 3473 848 3548 quae
866 3448 1079 3540 dedit,non
1093 3449 1149 3524 ita
1165 3433 1414 3526 adamussim

257 3550 483 3666 u¹⁰perfecta
508 3591 591 3642 esse
617 3566 898 3656 contendimus,
922 3579 966 3641 ut
991 3563 1083 3642 nihil
1112 3565 1216 3656 eddi,
1245 3565 1411 3659 detrahi,

314 3680 496 3758 mutarive
512 3691 639 3781 queat.
694 3681 797 3756 Nam
823 3691 960 3781 praeter
984 3681 1073 3780 styli
1098 3681 1324 3772 scabritiem,
1344 3683 1413 3784 qui

313 3800 505 3876 interdum
523 3797 777 3874 locutionibus
795 3809 833 3874 et
849 3796 1058 3888 vocabulis,
1073 3797 1223 3874 Latinis
1239 3798 1409 3898 quidem,

313 3916 383 3992 sed
401 3940 449 3990 ex
464 3911 597 3990 intimo
616 3915 750 4016 artium
769 3913 918 3991 minime
936 3915 1143 4014 vulgarium
1164 3939 1316 3992 recessu
1342 3918 1413 3992 de-

314 4031 508 4164 promptis,
523 4039 588 4106 aut
600 4039 785 4107 vetustate
803 4032 997 4120 obsoletis,
1010 4042 1076 4107 aut
1089 4030 1255 4131 denique
1269 4057 1292 4105 a
1305 4057 1414 4109 com-

313 4147 418 4224 muni
436 4157 474 4222 et
490 4147 671 4278 populari
681 4173 754 4222 usu
772 4147 936 4237 remotis,
951 4157 1074 4224 scatet
1090 4157 1148 4224 tot
1132 4156 1250 4224 tetus
1270 4149 1412 4240 horret,

150 4286 273 4334 Dormiat
313 4277 372 4343 est
388 4259 426 4340 et
442 4264 646 4364 quando
613 4289 667 4340 ιιι
683 4264 929 4345 doctissimus
948 4263 1218 4340 dormitaverit:
1237 4273 1279 4340 ut
1291 4287 1414 4367 quum

150 4351 280 4400 ἰιιιιιιιιιιιιι
