3120 4984
340 185 397 242 12⁴
728 175 842 238 TlTl
870 176 1007 238 LlVll

72 397 76 405 .
176 357 245 405 ttc.
257 355 313 407 tat.
337 366 410 410 eum
433 343 532 408 literis
547 341 744 424 ‘arcessisset
759 341 867 420 tradit,
882 341 976 406 llnec
990 361 1063 406 oum
1085 340 1190 429 gratia
1211 341 1252 408 ab
1273 342 1403 407 consule

175 421 511 516 A·⁰·1i⁹·,profectum
537 429 571 493 in
596 427 717 506 Asiam,
742 427 809 492 indi
836 439 954 506 natum,
978 427 1074 514 quod,
1101 440 1136 492 ut
1158 428 1267 494 iisdem
1291 429 1408 494 castris

336 517 488 594 tenderet,
504 516 691 601 permissum
717 533 783 577 non
840 513 911 579 erit.
926 535 967 578 ne
983 527 1018 578 ut
1032 514 1152 601 equites
1174 515 1302 602 quidem
1318 515 1403 581 Gal·

335 603 394 679 los,
410 624 492 688 quos
506 622 613 666 secum
629 599 817 676 adduxerat,
833 599 1035 685 relinqueret,
1049 601 1213 686 impetrari
1228 605 1269 666 ab
1283 625 1322 668 eo
1342 624 1402 686 po-

337 688 442 754 tuisse.
488 686 634 753 Attalum
645 685 775 750 fratrem
791 687 857 771 ejus
873 698 905 749 et
916 687 1101 751 remansisse
1120 688 1206 772 apud
1228 687 1401 766 consulem,

336 790 367 840 et
382 777 536 840 sinceram
558 775 625 858 ejus
645 772 741 836 fidem
768 771 883 858 aequali
902 785 1012 838 tenore
1034 774 1256 862 egregiamque
1270 797 1402 860 operam

335 862 370 930 in
381 884 420 926 eo
431 860 516 925 bello
529 859 633 926 fuisse.

380 948 477 1014 XIV.
501 947 598 1016 Dum·
611 945 729 1010 bellum
753 946 786 1009 in
809 944 1001 1012 Macedonia
1022 947 1155 1031 geritur,
1170 947 1266 1034 legati
1281 947 1404 1020 Trans·

335 1034 435 1120 alpini
449 1035 489 1098 ab
504 1032 615 1118 regulo
631 1031 800 1098 Gallorum
817 1031 971 1112 (Balanos
992 1033 1090 1118 ipsius
1112 1035 1250 1099 traditur
1265 1058 1381 1100 nomen
1395 1059 1405 1111 3

334 1122 448 1209 gentis,
465 1142 584 1205 exque
603 1117 710 1197 fuerit,
730 1140 794 1182 non
810 1119 957 1200 traditur)
975 1119 1112 1185 Romam
1128 1134 1291 1200 venerunt,
1307 1122 1404 1206 polli-

335 1221 442 1274 centes
461 1206 502 1272 ed
516 1204 761 1270 Macedonicum
783 1203 1046 1271 bellumauxilia.
1092 1207 1213 1272 Gratiae
1231 1209 1272 1274 ab
1288 1223 1401 1274 senatu

335 1307 426 1370 artae,
442 1312 637 1376 muneraque
658 1290 761 1368 missa,
777 1292 900 1376 torquis
918 1313 1032 1356 aureus
1047 1291 1146 1357 ⁷⁸duo
1160 1295 1280 1378 pondo,
1297 1308 1329 1361 et
1344 1317 1402 1379 pa-

321 1421 323 1424 ·
335 1395 412 1446 terae
424 1401 529 1445 aureae
540 1391 677 1464 quatuor
689 1376 808 1461 pondo,
818 1399 916 1464 equus
927 1376 1118 1526 phaleratus,
1129 1397 1405 1468 armaqueeques·

335 1467 407 1532 tria.
453 1463 634 1532 Secundum
652 1462 765 1530 Gallos
781 1463 928 1550 Pamphy
943 1464 952 1527 i
974 1465 1070 1554 legati
1091 1487 1242 1532 coronam
1258 1490 1402 1546 auream,

335 1554 410 1619 ⁷⁹ex
424 1551 537 1640 viginti
558 1549 696 1614 millibus
719 1549 961 1636 Philippeorum
981 1550 1108 1629 factam,
1124 1555 1156 1617 in
1172 1555 1292 1620 curiam
1315 1557 1403 1620 iutu-

334 1639 456 1704 lerunt:
481 1635 724 1724 petentibusque
739 1637 787 1712 iis,
803 1651 838 1700 ut
855 1636 887 1700 id
906 1636 1027 1703 donum
1042 1637 1074 1702 in
1090 1639 1168 1704 cella
1183 1641 1403 1728 Jovisoptimi

335 1724 466 1790 maximi
487 1746 616 1811 ponere,
640 1736 672 1788 et
692 1721 869 1788 sacrificare
891 1724 923 1786 io
938 1722 1100 1810 Capitolio
1125 1725 1245 1804 liceret,
1267 1729 1404 1812 permis·

336 1833 417 1878 sum.
441 1811 577 1898 benigne
601 1832 640 1874 ue
658 1809 831 1874 amicitiam
854 1831 1007 1876 renovare
1028 1810 1206 1878 volentibus
1226 1813 1338 1902 legatis
1351 1837 1404 1882 re-

335 1922 350 1962 s
394 1832 704 1980 nsumetwltintm
720 1895 854 1961 millium
879 1897 951 1960 aeris
970 1897 1102 1985 singulis
1122 1900 1252 1964 missurn
1275 1923 1405 1968 munus.

172 1996 264 2044 Prusia
274 2003 300 2043 et
337 1986 346 2006 '
371 2007 424 2050 um
439 1984 481 2050 ab
496 2006 571 2071 rege
581 1982 709 2064 Prusia,
721 1993 753 2046 et
767 1979 878 2068 paullo
891 1996 963 2067 post
978 1987 1019 2048 ab
1035 1985 1179 2066 Rhodiis,
1191 1989 1232 2050 de
1245 1988 1355 2053 eadem
1370 2013 1405 2054 re

172 2059 433 2158 nh“‘¹.³⁰¹¹¹¹i¹¹lpnge
456 2069 550 2136 aliter
574 2069 761 2140 disserentes
782 2067 879 2156 legati
902 2068 1002 2138 auditi
1027 2085 1111 2136 sunt.
1134 2085 1270 2160 utraque
1284 2073 1403 2163 legatio

172 2125 253 2188 ω’
336 2158 377 2224 de
389 2179 470 2244 pace
484 2155 720 2224 reconolianda
733 2177 809 2221 curn
818 2177 894 2243 rege
907 2153 1024 2222 Beraeo
1034 2159 1110 2244 egit.
1156 2157 1280 2230 Prusise
1294 2183 1406 2246 preces

336 2244 449 2333 magis,
465 2265 560 2332 quarn
576 2241 760 2330 postulatio,
775 2241 873 2318 fuere,
889 2241 1078 2326 profitentis,
1094 2255 1123 2309 et
1137 2248 1181 2310 ad
1194 2249 1230 2311 r'd
1241 2258 1358 2333 ternpus
1371 2273 1406 2316 se

334 2355 399 2398 cnm
415 2331 565 2396 Romanis
579 2330 705 2406 stetisse,
718 2338 758 2406 et,
774 2329 876 2414 quood
888 2327 1098 2416 bellumfinet,
1110 2342 1269 2400 staturam.
1316 2337 1406 2402 Cete-

333 2441 400 2484 rnm
424 2440 513 2503 qnam
536 2419 582 2482 od
602 2438 635 2482 se
657 2437 678 2480 o
698 2417 809 2480 Perseo
832 2417 931 2500 legati
955 2418 1104 2482 venissem
1128 2420 1166 2484 de
1175 2421 1322 2504 finiendo
1336 2443 1403 2489 cnm

334 2507 487 2570 Romanis
508 2503 597 2580 bello,
612 2512 643 2567 et
657 2503 698 2566 iis
713 2502 885 2584 pollicitum
910 2503 1133 2584 deprecatorem
1156 2510 1242 2588 opud
1264 2519 1402 2576 senatum

321 2593 492 2677 fututam,
516 2589 663 2672 ⁸¹petere,
677 2590 707 2652 si
725 2597 848 2670 possent
868 2589 1010 2654 inducere
1029 2590 1062 2654 in
1084 2591 1226 2670 animam,
1241 2597 1407 2678 utfiniant

332 2669 423 2758 irem,
436 2698 469 2740 se
490 2696 606 2761 quoque
629 2675 663 2738 in
682 2675 790 2757 gratio
812 2675 1016 2740 reconciliate
1031 2679 1122 2759 posis
1143 2682 1404 2760 pertentabat

334 2762 413 2850 regii
427 2761 534 2848 legati.
582 2757 714 2860 Rhodii,
730 2759 866 2843 superbe
887 2762 1141 2863 commemoratis
1155 2786 1232 2853 erga
1244 2768 1401 2853 populum

337 2850 520 2918 Romanum
542 2846 716 2922 beneficus,
732 2859 763 2910 et
785 2867 867 2929 pene
882 2859 1033 2924 victoriae,
1055 2861 1163 2936 utrque
1184 2853 1225 2916 de
1238 2855 1403 2922 Antiocho

171 2951 326 3077 mptum
335 2957 421 3024 rege,
437 2933 556 3022 majore
571 2945 666 3020 parte
677 2931 750 3022 ⁸{ad
767 2931 980 3014 sevindicata,
995 2933 1197 3024 adjecerunt:
1225 2941 1323 3020 Qun
1332 2964 1405 3029 prae

172 3082 257 3130 oratio·

367 3188 399 3236 tt
408 3186 480 3237 'Nee
490 3203 544 3236 mm
559 3191 643 3250 pratia
654 3191 684 3237 ni
694 3191 785 3240 marsele
796 3205 853 3254 pro·
884 3189 979 3249 argenti
989 3188 1014 3236 3.
1026 3189 1105 3236 uncie
1119 3189 1142 3238 1.
1351 3199 1353 3202 ·

325 3251 430 3317 fimum]
448 3253 535 3314 Neque
548 3253 583 3301 ita
602 3255 738 3315 profectum
750 3257 781 3306 ab
796 3270 853 3303 eon-
916 3253 946 3301 Sl
965 3253 1057 3312 Petere,
1080 3254 1102 3300 rt
1121 3257 1226 3321 portent]
1253 3254 1318 3318 Lege
1343 3272 1404 3307 cum

333 3318 394 3375 sule,
406 3323 435 3364 ut
445 3318 540 3379 integro
550 3326 613 3368 esset
625 3321 690 3367 inter
704 3321 758 3368 illos
774 3321 851 3380 gratia
884 3318 1007 3365 Gronovio
1016 3322 1040 3365 et
1045 3322 1132 3380 petere,
1143 3324 1208 3382 quod
1218 3323 1363 3383 respondeat
1373 3325 1407 3371 its

332 3387 357 3427 et
365 3382 481 3438 amicitis,
491 3384 533 3430 sed
544 3398 602 3431 cum
611 3391 699 3432 mutua
711 3385 851 3432 offensione.
869 3429 872 3436 Δ
883 3396 940 3442 qnae
950 3384 1101 3442 precedunt,
1110 3390 1133 3432 ct
1140 3384 1282 3446 pollicitum.
1310 3387 1406 3438 Ultima

365 3445 397 3496 ts
412 3445 471 3494 Duo
492 3445 581 3512 pendo]
607 3449 656 3504 Qut
682 3454 732 3496 tres
758 3461 852 3495 mareas
884 3441 958 3508 hujus
968 3447 1060 3508 periodi
1071 3448 1105 3495 sic
1121 3451 1152 3497 ab
1167 3464 1196 3497 eo
1212 3451 1364 3499 formantur:
1381 3466 1408 3501 se

331 3517 461 3570 nostrates,
472 3512 571 3560 undam
588 3527 664 3560 uuam
683 3514 764 3574 pondo
780 3513 852 3559 habe-
884 3523 970 3572 quoqne
982 3513 1010 3558 tn
1022 3513 1103 3571 grotta
1118 3515 1271 3564 aemunitate
1287 3518 1356 3577 pects
1366 3517 1407 3564 stt

331 3582 375 3628 ret.
410 3576 517 3633 Quotam·
525 3577 608 3637 pondo.
636 3578 684 3625 Sex
695 3590 853 3632 marcumun-
879 3579 1010 3636 pausem:
1026 3577 1408 3637 idest,saronstbt10cumin·

330 3641 380 3688 cies
393 3641 461 3691 duas.
884 3641 971 3688 eunde
990 3641 1075 3701 gratie
1091 3644 1156 3704 apud
1174 3644 1271 3700 Persea,
1287 3652 1409 3706 tanquam

364 3705 396 3753 79
412 3705 455 3752 Ea·
481 3706 572 3765 ntgtntt
590 3705 692 3753 entatu
715 3706 850 3768 Philippeo·
883 3705 1139 3764 patiereeoncillatoci.
1174 3705 1256 3769 HuJus
1267 3711 1408 3767 locutionis,

330 3771 397 3834 ram]
424 3772 580 3818 Aureommr
606 3771 742 3832 quiquam
761 3771 851 3832 singuli
878 3782 966 3828 ponere
981 3770 1010 3816 tn
1023 3771 1140 3832 gratnm
1154 3773 1194 3820 vel
1213 3775 1241 3821 tn
1253 3775 1349 3835 grotta
1363 3789 1408 3822 ex·

328 3849 400 3896 peres
421 3842 501 3882 essent
521 3836 671 3888 didrachmo.
689 3836 799 3894 sequitur
814 3835 851 3881 vi·
883 3835 965 3894 empltt
974 3847 1006 3883 ex
1016 3836 1125 3898 epistolis
1133 3838 1255 3884 ciceronis
1265 3839 1306 3886 hic
1316 3841 1409 3901 allegat

329 3900 393 3960 ginti
403 3900 482 3947 millia
497 3913 657 3947 nummorum
669 3899 851 3959 Philippeorum
883 3899 1028 3947 Gronovius.
1063 3900 1146 3948 Unum
1153 3903 1363 3950 afferemuselris.
1371 3904 1407 3950 V.

328 3965 407 4012 redire
417 3966 449 4012 ad
460 3962 518 4013 400.
529 3965 603 4012 libras
620 3964 744 4010 Romanas
761 3965 851 4022 pondo,
883 3963 915 4009 td
925 3963 977 4010 Ata
994 3977 1032 4024 ep.
1050 3963 1089 4010 lt.
1121 3965 1194 4026 Apud
1203 3966 1333 4016 Patronem
1343 3972 1367 4015 te
1377 3969 1407 4016 ἑο

329 4042 425 4076 marcas
436 4035 556 4078 nostrates
575 4027 634 4076 625.
662 4027 779 4080 Jmmsne
796 4041 851 4088 pro·
883 4029 989 4076 mantano
1003 4030 1086 4089 motta
1101 4031 1176 4090 ment.
1211 4030 1279 4090 Feci,
1291 4037 1321 4080 ut
1334 4045 1409 4095 mag·

328 4094 393 4156 fecto
408 4095 504 4153 pondus
523 4093 620 4140 etiamsi
637 4089 780 4140 detrahatur
797 4105 849 4138 ma·
883 4103 942 4140 nem
964 4093 1009 4140 tibi
1027 4093 1133 4152 gratiam
1149 4097 1248 4144 heberet
1265 4097 1350 4156 Patro,
1367 4113 1411 4146 os.

329 4159 500 4218 nuspretium.
534 4157 581 4204 Sed
591 4169 680 4206 corona
695 4157 852 4203 iliadieanda
883 4157 1004 4204 tendendo
1015 4157 1047 4212 ei,
1060 4164 1093 4214 te,
1101 4160 1302 4219 quoddesiderat,
1310 4161 1423 4224 idmmt,

328 4222 458 4276 eratJovt,
476 4227 502 4268 et
520 4221 601 4270 stabili
619 4221 675 4268 nde
694 4221 721 4267 in
733 4219 851 4280 Capitolio
884 4221 1041 4272 vehementer
1050 4225 1240 4272 commendasse.

330 4288 477 4348 collocanda·
909 4283 941 4334 ⁸2
952 4284 1161 4352 nannetense]
1171 4289 1237 4338 Olim
1245 4289 1263 4342 ὸ
1270 4304 1303 4340 ec.
1313 4292 1408 4344 meu·

363 4351 395 4402 8⁰
412 4351 502 4402 anam
513 4349 614 4398 mittunt
626 4347 693 4414 aris]
711 4349 851 4398 Marsorum
884 4348 1079 4412 devitsigouius.
