3116 4986
463 178 663 240 LIBROR.
690 177 907 241 DEPERD.
1154 175 1213 240 268

605 424 762 508 CXVI.

202 668 235 734 C.
250 668 355 733 Cesar
368 692 406 733 ec
419 670 584 754 Hispania
598 671 734 753 quintum
748 669 930 754 triumphum
944 670 1018 754 egit.
1060 669 1117 744 Et,
1129 663 1218 750 quum

149 755 285 836 plurimi
306 757 489 840 macimique
513 757 639 820 bonores
660 758 690 820 ci
712 777 733 819 a
753 767 861 821 senatu
880 757 995 819 decreti
1015 762 1121 829 essent,
1136 754 1219 815 inter

157 861 231 922 quos
246 850 279 903 ut
293 840 389 904 Pater
401 840 518 906 Patrioe
530 843 749 924 adpellaretur‚
761 851 792 905 et
804 850 1020 917 sacrosanctus,
1033 863 1070 903 ac
1084 841 1219 903 dictator

157 927 193 988 in
209 937 390 1009 perpetuum
404 937 489 1005 esset,
504 929 632 991 inuidia
644 947 779 992 caussam
795 930 937 992 adomms
951 948 1015 990 eum
1033 926 1217 1008 praestitere,

158 1014 241 1094 quod
257 1015 378 1078 senatui
391 1015 539 1097 deferenti
559 1014 613 1077 lios
634 1015 768 1088 bonores,
784 1035 872 1097 mum
893 1023 966 1076 onte
985 1014 1078 1075 adem
1097 1010 1221 1074 Veneris

162 1092 332 1161 Genitricii
345 1101 471 1176 sederet,
485 1120 545 1162 non
562 1101 751 1164 adsurreuit:
766 1109 796 1163 et
806 1102 888 1183 quod
901 1121 921 1161 a
937 1098 986 1161 M.
1002 1097 1140 1162 Antonio
1150 1115 1219 1158 corc-

157 1185 224 1248 sule
239 1185 354 1268 collega
376 1205 437 1258 suo,
455 1187 537 1248 inter
553 1184 706 1267 lupercos
723 1194 871 1261 acerente,
887 1185 1028 1248 diadema
1048 1183 1147 1264 capiti
1167 1200 1221 1243 suo

160 1270 324 1349 inpositum
340 1273 374 1333 in
384 1271 459 1334 sella
473 1272 620 1350 reposuit:
636 1281 666 1334 et
679 1273 759 1354 qnod
768 1272 887 1353 Epidio
898 1271 1038 1333 Marullo
1052 1278 1082 1331 et
1094 1267 1223 1331 Caesetio

161 1355 261 1419 llaoo
274 1356 407 1421 tribunis
421 1357 522 1439 plebis
536 1358 686 1420 inuidiam
699 1359 730 1420 ei
743 1366 896 1441 tamquam
913 1377 1037 1440 regnum
1051 1351 1223 1438 adfectanti

160 1443 355 1519 monentibus,
365 1451 503 1524 potestas
512 1441 664 1526 abrogato
677 1453 731 1507 est.
752 1445 807 1508 Ea
820 1445 861 1508 iis
874 1444 988 1507 caussis
999 1438 1224 1521 conspiratione

54 1589 58 1598 ,
162 1528 197 1590 in
213 1549 277 1591 eum
284 1529 391 1612 ficeta,
408 1527 504 1613 (cujas
521 1531 626 1611 capita
634 1531 771 1612 fioemmt
785 1528 836 1593 M.
851 1530 977 1606 Brutus,
992 1538 1022 1592 et
1038 1529 1072 1594 C.
1091 1525 1223 1597 Cassios,

161 1622 193 1677 et
207 1635 245 1676 er
261 1613 394 1678 Caesaris
402 1615 546 1696 partibus
561 1616 603 1679 D.
614 1616 732 1679 Brutus
744 1624 775 1678 et
790 1617 825 1680 C.
840 1614 1019 1694 Trebonius)
1035 1617 1069 1679 in
1084 1609 1225 1694 Pompeii

163 1701 253 1764 curia
266 1703 378 1765 occisus
392 1710 435 1764 est
449 1702 563 1783 uiginti
575 1702 673 1764 tribus
687 1701 868 1778 mlnmibus,
878 1710 1109 1784 occupatumque
1122 1698 1162 1762 ab
1175 1698 1226 1760 in-

161 1785 372 1869 terfectoribus
386 1807 449 1871 epus
465 1787 658 1869 Capitolium.
704 1786 865 1851 Oblivione
885 1789 994 1851 deinde
1014 1789 1107 1850 cadis
1127 1784 1192 1867 ejea
1205 1802 1226 1844 a

162 1881 272 1937 sectatu
282 1874 413 1948 decreta,
422 1873 574 1937 obsidibus
582 1874 713 1938 Antonii
722 1882 753 1936 et
761 1873 880 1956 Lepidi
888 1873 994 1936 liberis
1005 1874 1146 1955 acceptis,
1155 1889 1226 1933 con·

149 1958 263 2043 jurati
272 1980 293 2020 a
304 1958 459 2041 Capitolio
469 1960 693 2022 descenderunt.
734 1959 924 2024 Testamenta
934 1960 1066 2036 Cesares
1079 1960 1176 2022 lieres
1190 1976 1228 2018 ec

155 2054 256 2128 parte
266 2045 396 2109 dimidio
411 2047 568 2108 institutus
583 2042 620 2108 C.
633 2045 776 2109 Octavius
788 2046 902 2110 sororis
915 2067 1016 2128 nepos,
1026 2055 1056 2108 et
1071 2047 1104 2108 im
1119 2063 1227 2106 nomeu

165 2135 330 2213 adoptatus
351 2140 405 2194 est.
452 2132 585 2196 Caesaris
608 2151 725 2212 corpus,
747 2151 835 2213 quum
860 2131 895 2194 in
916 2152 1051 2212 campum
1074 2131 1228 2194 Martium

150 2219 309 2304 ferretur,
325 2239 346 2280 a
355 2217 446 2298 plebe
459 2226 532 2279 ante
548 2226 648 2280 rostra
661 2227 823 2279 crematum
838 2226 893 2280 est.
937 2218 1115 2279 Dictaturae
1135 2216 1230 2279 bonos

165 2305 201 2367 in
210 2311 390 2385 perpetuum
403 2302 538 2366 sublatus
552 2309 604 2367 est.
632 2301 666 2366 C.
679 2302 830 2377 Amatius,
842 2302 1018 2364 humillima
1031 2302 1228 2376 sereniano,

167 2392 222 2474 qui
242 2410 274 2452 se
292 2389 328 2452 C.
346 2388 449 2452 Marii
454 2389 563 2470 filium
571 2387 711 2470 serebat,
726 2408 815 2470 quum
836 2389 920 2470 apud
939 2388 1092 2450 credulam
1113 2386 1230 2470 plebem

167 2475 332 2540 seditiones
344 2483 484 2550 moveret,
500 2483 623 2538 necatus
636 2483 689 2538 est.

612 2748 792 2832 CXVII.

182 3019 186 3028 .
216 2965 250 3030 C.
267 2963 411 3030 Omaoicu
424 2963 554 3026 Romam
574 2983 612 3026 ec
630 2963 734 3046 Epiro
752 2963 844 3038 vertit,
862 2966 910 3046 (eo
931 2963 1008 3026 enim
1028 2965 1112 3028 illum
1130 2965 1236 3030 cesar

163 3051 371 3135 praemiserat,
386 3049 493 3111 bellum
508 3049 542 3111 in
557 3048 747 3112 Macedonia
757 3049 909 3132 gestunes)
923 3050 1130 3133 ominibusque
1144 3072 1235 3132 pros·

163 3139 253 3221 peris
275 3144 413 3216 exceptus
438 3135 531 3196 etiam
557 3155 663 3198 norrun
685 3133 820 3197 Caesaris
842 3138 956 3198 sumsit.
1002 3137 1040 3198 ln
1062 3136 1238 3218 confusione

170 3244 271 3287 rerum
286 3243 323 3285 ac
336 3221 464 3285 tumultu
478 3219 647 3301 98Lepidus
655 3221 868 3304 pontificatum
888 3222 1047 3284 marimum
1063 3223 1238 3305 intercepit.

172 3311 234 3375 Sed
248 3308 297 3372 M.
310 3306 464 3371 Antonius
478 3306 590 3382 consul,
607 3327 695 3388 quum
710 3309 882 3388 inpotenter
897 3307 1115 3382 dominaretur,
1128 3309 1237 3392 legem-

172 3396 276 3480 quede
284 3395 512 3476 permutatione
519 3393 752 3474 provinciarum
764 3394 891 3474 pervim
906 3393 1032 3467 tulisset,
1042 3403 1071 3456 et
1088 3395 1241 3458 cesarem·

173 3502 298 3564 quoque,
310 3488 472 3564 petentem,
484 3488 517 3541 ut
526 3479 588 3542 sibi
596 3480 739 3542 adversus
749 3499 940 3559 percussores
953 3482 1097 3542 aminculi
1110 3481 1240 3555 adesset,

174 3567 296 3650 magnis
316 3564 439 3649 iry‘uriis
460 3565 636 3648 adfecisset:
661 3565 775 3639 Casm,
792 3574 822 3628 et
835 3563 905 3638 sibi,
922 3575 951 3627 et
972 3566 1147 3647 reipublice
1161 3569 1241 3632 uires

174 3655 320 3716 aduersus
329 3673 396 3716 eum
405 3659 586 3732 paraturus,
603 3653 743 3716 deductos
758 3652 791 3714 in
803 3652 940 3714 colonias
953 3661 1110 3716 veteranos
1123 3655 1240 3716 eccita·

176 3739 231 3803 uit.
276 3738 428 3820 Legiones
448 3757 564 3818 quoque
588 3746 701 3818 quarta
723 3746 752 3798 et
769 3736 892 3799 Martia
907 3736 1027 3820 ⁹⁹signa
1049 3738 1089 3800 ab
1104 3735 1242 3801 Antonia

176 3826 220 3889 nd
234 3824 385 3889 Casuram
399 3823 543 3885 tulerunt.
586 3821 731 3885 ¹Deinde
744 3832 774 3886 et
794 3823 959 3904 complures
972 3825 1094 3886 scottia
1109 3824 1159 3888 M.
1170 3824 1242 3887 An·
1326 3857 1332 3868 ·

211 4009 243 4056 98
259 4007 361 4068 bpidus
380 4009 542 4069 pontificatum
565 3995 696 4054 niaximum
759 4008 791 4054 99
806 4005 1242 4068 SignaobAntonioadCaerarenctu·

177 4074 311 4136 intercepit]
329 4075 384 4120 Hoc
402 4074 455 4118 Ioco
472 4073 589 4118 habemus
602 4068 695 4132 conjec·
727 4071 815 4134 urunt]
834 4071 977 4132 Legendum
988 4073 1157 4120 exinaniamus
1168 4078 1244 4120 trans·

178 4147 260 4186 turam
272 4139 372 4198 Sigonii,
381 4138 423 4198 qui
435 4151 465 4184 ex
476 4137 583 4182 historIae
594 4137 695 4182 veritate
728 4137 839 4183 interient.

176 4209 285 4252 veterem
308 4203 437 4249 lectionem
463 4201 644 4246 vitiosissimam
670 4214 694 4246 e·
759 4199 1061 4262 lDeindcetcompiures]
1079 4201 1167 4248 'fotam
1181 4204 1244 4250 hanc

176 4268 309 4314 mendavia
342 4268 477 4328 legebatur
498 4279 598 4326 nempe:
623 4264 698 4326 lapi·¹
726 4266 852 4325 peri0dum
872 4265 967 4324 refingit
984 4265 1120 4314 GranovIus
1135 4268 1160 4312 in
1178 4268 1244 4313 hunc

176 4331 233 4377 dreni
239 4331 372 4392 pontificem
382 4331 513 4377 minum
523 4330 647 4376 interemit.
727 4331 844 4376 modums
862 4329 953 4376 Deinde
963 4333 985 4376 et
1000 4331 1127 4394 complures
1142 4331 1244 4388 invitia,

780 4401 830 4455 si
