3056 4976
417 183 721 248 HISTORIARUM
743 183 969 244 T1T1L1v11.
1174 185 1238 248 'exli

131 356 235 422 fectus
249 351 327 423 iuda
341 350 375 418 in
386 351 416 414 ,³⁸
424 351 627 416 Bursaonum
642 361 675 415 et
688 349 715 390 ³⁹
726 347 997 416 Casuentinorum
1012 358 1043 418 et
1051 347 1084 386 *⁴⁰
1094 347 1237 416 Graecu-

133 443 317 510 ritanorum
339 439 431 520 fines,
453 437 602 503 evastatis
621 435 769 502 omnibus
790 437 1048 522 proculcatisque
1067 435 1237 518 segetibus,

127 527 170 594 sd
182 527 210 570 ⁴²
221 525 411 614 calagurim
427 523 580 590 Nasicam
604 522 762 588 sociorum
784 521 900 588 urbem
913 523 1044 601 ⁴²uenit,
1060 531 1237 609 tmusgres·

128 637 247 701 sumus
270 612 433 678 “amnem
471 609 662 695 ropinquum
677 608 762 687 urbi,
777 621 878 694 ponte
890 608 986 687 sacto,
1001 620 1106 674 casua
1119 607 1238 694 posuit.

130 701 270 768 Postero
283 699 340 764 die
355 695 405 764 Μ.
422 633 564 762 iifasium
579 707 770 782 quaestorem
785 695 818 760 in
838 695 863 736 ¹⁴
872 696 1015 762 Aruacos
1032 707 1065 762 et
1086 693 1112 734 ⁴⁵
1123 691 1240 760 cerin-

128 789 230 852 dones
245 786 334 852 misit
353 783 398 850 ad
412 781 658 848 conscribendos
672 803 715 846 ex
738 781 777 844 iis
791 780 942 869 gentibus
955 781 1081 858 milites,
1092 777 1237 848 *frumen-

130 887 266 960 tumque
280 870 357 936 inde
371 869 397 908 ⁴⁶
407 869 629 945 Contrebiam,
642 888 712 952 quae
723 867 875 934 Leucada
888 867 1079 953 appellatur,
1093 887 1239 966 compor-

128 959 279 1036 tandum,
295 969 414 1044 praeter
428 977 525 1042 quam
539 955 650 1020 urbem
665 954 953 1039 opportunissimus
967 975 1010 1022 ex
1023 951 1239 1019 “Beronibus

128 1046 285 1113 transitus
303 1056 382 1121 erat,
394 1043 427 1106 in
443 1041 851 1128 quamcumqueregioueru
866 1041 983 1108 ducere
991 1038 1238 1108 exercitumsta·

160 1275 196 1325 38
226 1275 385 1323 Bursaonum.
426 1275 562 1322 Bursaones
590 1273 670 1320 Plinio
704 1273 830 1335 calaguris
852 1277 924 1324 debet
945 1287 997 1324 asse
1017 1273 1121 1324 mione
1142 1272 1239 1323 dansla

23 1348 24 1352 ’
130 1343 180 1390 111.
191 1341 219 1389 8.
231 1342 348 1388 dicuntur
357 1339 535 1386 Bursaonenses.
569 1337 671 1386 Erante
703 1337 994 1400 RoyaumedsNauarre.

24 1418 25 1452 ι
129 1412 233 1454 centum
254 1404 434 1465 quinquaginta,
451 1403 546 1449 duobus
565 1402 671 1464 populis,
736 1401 768 1450 m
788 1402 867 1452 Venit.
888 1404 918 1450 ln
931 1403 987 1453 MS.
997 1405 1067 1453 bonit.
1099 1403 1196 1465 Nempe
1208 1417 1239 1452 ex

131 1471 175 1532 qui
193 1473 419 1530 eccemagnum,
437 1481 503 1514 nunc
521 1466 671 1528 Sarragosse,
704 1465 792 1514 vitiosa
803 1469 1001 1528 pronuntiatione
1012 1469 1113 1527 librarii,
1128 1481 1182 1530 que
1197 1470 1240 1516 ad·

128 1533 192 1599 juris
211 1545 295 1588 eausa,
315 1533 499 1580 conveniebant.
534 1531 672 1590 Principem
704 1531 753 1578 huc
766 1532 880 1593 frequens
896 1539 933 1580 est
949 1533 975 1580 in
993 1533 1120 1596 Hispania.
1135 1533 1239 1593 Aquita-

132 1613 219 1650 eorum
231 1601 318 1646 urbem
330 1593 672 1664 &igraiaPtolemaruleb
705 1595 754 1658 nia,
775 1596 819 1643 iac.
853 1597 914 1644 Inde
933 1597 1020 1644 similis
1041 1611 1108 1645 error
1126 1598 1241 1658 frequens

131 1665 311 1720 Celtiberorum
321 1664 422 1708 urbibus
432 1667 551 1708 accenset.
579 1659 671 1706 Viden·
705 1661 811 1707 occurrit
821 1660 846 1706 in
857 1663 980 1708 veterlbus
991 1661 1201 1723 inscriptionibus.

133 1734 174 1776 tur
190 1728 314 1775 habitasse
331 1727 459 1786 Hispania
475 1733 579 1785 panem,
596 1736 672 1786 quam
735 1724 769 1772 ts
784 1723 885 1772 Amnem
906 1727 1064 1786 propinquum
1078 1727 1148 1774 urbi.
1180 1728 1242 1773 Am·

133 1807 200 1840 nunc
210 1791 317 1846 dicimus
326 1789 351 1836 la
363 1789 476 1836 Mancia·
704 1789 743 1835 uis
754 1787 795 1835 ille
812 1795 849 1836 est
860 1789 976 1846 Hiberus,
988 1789 1078 1848 l'Ebro,
1089 1803 1154 1854 steps
1171 1791 1241 1838 nobis

164 1855 198 1904 89
216 1855 425 1906 Casuentinorum.
443 1853 506 1900 Cum
518 1851 613 1899 Plinius
623 1853 671 1900 111.
704 1859 863 1900 memoratus.

132 1921 158 1970 3.
178 1921 205 1967 ἰιι
224 1921 272 1972 hoc
291 1920 437 1980 populorum
455 1922 535 1964 tractu
552 1923 672 1964 memoret
737 1915 770 1963 st
786 1917 898 1966 Aruacos.
931 1919 1011 1967 Plinio
1032 1919 1081 1968 lll.
1101 1919 1125 1968 8.
1147 1925 1172 1966 et
1190 1915 1240 1966 iv.

134 1985 314 2038 Cascantenses,-
337 1987 363 2030 et
379 1981 527 2029 Ptolemaeus
541 1981 575 2028 Π.
590 1983 614 2030 6.
631 1996 672 2029 ur·
705 1982 746 2032 20.
779 1984 933 2046 appellantur
961 1983 1070 2032 Arevaci.
1115 1984 1242 2032 Celtiberis

133 2051 190 2106 bem
209 2048 350 2107 κάηιιπιι,
361 2060 427 2094 nunc
444 2046 565 2100 Cessante.
579 2045 673 2094 dansle
704 2047 1035 2104 vicinierant,0ccidentem
1046 2062 1146 2105 versus3
1163 2048 1242 2096 immo

132 2113 257 2174 Royaume
275 2114 303 2160 de
320 2112 442 2165 Navarra,
462 2118 530 2157 nans
552 2109 673 2158 Hiberum
704 2118 729 2159 et
742 2125 798 2172 pars
810 2112 1001 2162 celtiberorum:
1019 2115 1084 2160 unde
1098 2113 1242 2162 dicebantur

134 2179 255 2233 fluvium3
288 2176 432 2224 crediderim
465 2175 625 2222 cananaeos
659 2187 675 2242 a
706 2177 809 2223 Arevaci
821 2177 945 2236 celtiberi,
957 2191 1023 2224 nunc
1036 2178 1060 2224 la
1074 2178 1154 2239 partis
1164 2179 1242 2224 orien-

133 2241 205 2289 Livio
219 2247 378 2290 memoratos
388 2240 486 2286 eosdem
503 2251 555 2286 esse
570 2251 599 2286 ac
616 2238 673 2286 Gas-
706 2239 752 2287 tale
767 2239 795 2287 de
812 2242 836 2288 lu
848 2241 946 2291 Camilla
962 2241 1045 2288 vieilm
1080 2241 1178 2288 Nomen
1195 2243 1243 2288 du·

132 2311 277 2355 centenses:
303 2312 347 2353 eut
364 2304 544 2364 incompertum
563 2303 607 2365 qui
625 2305 675 2351 sint
706 2305 793 2352 cebant
807 2307 838 2354 ab
854 2307 934 2353 Areva
945 2305 1028 2360 fluvio,
1040 2304 1140 2351 nuncia
1155 2305 1243 2354 rioirre

133 2371 171 2429 illi
184 2365 334 2419 Casuentini.
518 2381 521 2386 ’
705 2367 832 2427 Arieneos,
841 2371 883 2432 qui
894 2369 980 2416 urbem
989 2368 1084 2430 Burgus
1091 2368 1169 2415 alluit.
1180 2367 1243 2415 Are·

166 2434 200 2482 il)
229 2434 464 2484 Graccuritanorum.
489 2432 674 2494 Urhsprinceps
705 2434 769 2479 uada
787 2445 870 2480 nomen
888 2433 1057 2492 deditstuuius
1074 2431 1163 2480 Areua.
1190 2432 1243 2480 Pli-

133 2501 368 2548 Graccuritanorum
385 2505 437 2545 erat
453 2498 592 2556 Gracurris,
606 2510 674 2544 nunc
705 2497 858 2546 nirrs111·3.
1069 2509 1073 2518 ’
1104 2493 1118 2522 ”

133 2563 244 2626 Agrada.
267 2562 326 2610 dans
347 2563 375 2608 la
395 2562 491 2610 Carnus
512 2562 598 2612 visulla.
634 2561 674 2608 De
715 2561 770 2609 ‘45
788 2561 936 2610 Cerindones.
968 2561 1076 2623 Populus
1102 2561 1148 2610 soli
1170 2559 1242 2610 Livio

133 2630 181 2677 hac
191 2632 253 2676 urbe
261 2627 366 2675 Fertis:
384 2625 527 2674 Grumum
536 2626 673 2674 urisHibe-
705 2626 862 2684 nominatusg
882 2633 909 2674 et
926 2633 992 2674 certe
1007 2627 1123 2675 suescit
1138 2626 1242 2674 vicinus.

133 2707 168 2740 roe
179 2693 291 2755 regionis
303 2691 372 2739 dieta
382 2704 397 2737 a
409 2690 515 2739 &accho
526 2691 671 2756 Sempronio,
705 2690 736 2737 In
753 2692 799 2738 hoc
815 2692 864 2739 situ
876 2691 971 2739 Plinius
987 2698 1108 2739 memorat
1125 2691 1245 2740 Pelendos

132 2771 185 2818 pure
206 2761 275 2804 antea
294 2756 392 2803 murem
411 2757 581 2803 narninalatur.
619 2755 673 2804 Nec
705 2757 1160 2818 neapartemquoqueceltiberorum.
1176 2755 1243 2811 Qus·

33 2819 38 2831 '
133 2823 206 2869 aliter
223 2821 339 2882 Epitome
355 2821 428 2875 Livii,
450 2821 503 2867 libr.
525 2818 597 2866 XLI.
621 2821 672 2868 iil.
705 2826 761 2867 tuor
787 2822 884 2882 populis
909 2821 1053 2868 constabant
1082 2820 1243 2882 Pelendones,

132 2885 288 2947 Ssnrpromm
300 2885 422 2933 crumas
434 2884 559 2946 procosrul
576 2883 672 2932 Celtibe·
704 2898 810 2946 quorum
826 2899 891 2933 unus
907 2886 1021 2932 videntur
1036 2885 1111 2932 fuisse
1127 2884 1243 2932 Cerindo-

133 2963 172 2996 ras
188 2952 264 2998 victos
282 2953 314 2998 in'
325 2949 464 2998 maumam
479 2949 581 3008 aoeepits
598 2949 673 2996 mani·
705 2961 758 2997 nes.
785 2949 880 2998 Plinius
890 2950 939 2998 Ill.
951 2949 975 2998 8.
992 2949 1132 2997 Pelendones
1145 2947 1243 2997 Celtibe·

133 3019 283 3075 mentumque
293 3027 388 3075 operum
402 3027 505 3068 morum,
518 3012 674 3062 Gracchurim
705 3027 796 3072 rorum,
812 3019 916 3077 puatuor
932 3013 1040 3076 populis:
1066 3027 1165 3075 quorum
1184 3010 1242 3061 Nu·

132 3079 246 3139 oppedam
254 3078 282 3123 is
289 3079 411 3140 Hispania
418 3079 546 3125 mnstitus't.
558 3076 673 3125 Veterem
705 3079 817 3135 maslini,
841 3092 906 3126 nune
925 3079 957 3126 lsr
975 3079 1056 3126 rainer
1075 3078 1103 3126 de
1118 3077 1243 3126 Numanae

134 3143 243 3190 nominis
253 3143 452 3204 orthographiam
460 3143 561 3190 retinuit
569 3141 622 3188 NS.
633 3155 673 3190 co-
705 3141 799 3189 dansle
817 3142 913 3191 eante
932 3143 1016 3198 almas,
1030 3142 1087 3204 pris
1104 3141 1132 3189 de
1146 3141 1172 3189 la
1188 3142 1242 3190 etue

133 3206 673 3263 dexvaticsnus‚utconstatexnummisin·
705 3205 820 3254 deSarla.
854 3207 883 3254 ln
901 3214 982 3254 vetere
1000 3206 1161 3271 inscriptione
1176 3208 1243 3268 apud

134 3272 233 3333 scriptis
253 3282 386 3320 uerrere.
407 3281 572 3326 uusccrrrs,
590 3271 617 3317 id
634 3276 674 3317 est
705 3270 841 3320 Gruterum
873 3271 941 3318 cxl.
967 3271 991 3319 5.
1025 3280 1241 3322 manasserus.

134 3337 292 3396 municipium
303 3335 437 3384 &masma
706 3345 869 3386 Annvncort.

165 3400 199 3448 sl
222 3399 364 3461 Congrum
383 3398 511 3462 Nasicam]
548 3400 673 3462 Calaguria
695 3403 699 3416 ’
738 3397 771 3447 46
795 3399 952 3448 emeritum.
988 3399 1054 3450 Urbs
1076 3401 1120 3448 illa
1146 3398 1243 3449 diversa

135 3463 238 3523 Nasica,
248 3477 314 3511 nuuc
327 3463 458 3513 clunem
472 3462 530 3510 dans
542 3463 567 3510 la
579 3465 674 3514 Cartllle
706 3469 743 3510 est
753 3477 769 3509 a
779 3464 917 3521 Contrebia,
925 3475 1024 3526 quauta
1035 3465 1141 3514 Sertorio
1148 3479 1243 3526 expug-

135 3529 220 3576 us'eille.
255 3525 339 3593 Hujus
356 3529 424 3576 urbis
442 3539 559 3576 nummus
576 3542 607 3575 ex
627 3542 673 3576 aare
706 3535 789 3575 natam
800 3528 871 3577 initio
883 3529 1149 3591 Fragmentivldimus.
1179 3529 1243 3577 Con-

134 3593 253 3640 mediocn'
261 3607 374 3654 perrarm
384 3600 464 3641 exstat
475 3593 673 3652 apuderuditum
706 3593 792 3648 trebia,
803 3606 860 3655 quer
875 3595 1043 3655 appellabatur
1059 3594 1182 3650 Leucada,
1199 3595 1242 3640 de·

135 3657 233 3716 Floras,
249 3656 368 3706 Medullas
383 3656 412 3704 ele
428 3649 534 3718 anaia,
551 3657 612 3704 Tab.
626 3657 672 3704 xl.
706 3657 759 3703 buit
770 3670 822 3706 csse
833 3658 947 3720 Calaguri
963 3659 1060 3706 Nasica
1071 3658 1160 3713 vicina,
1172 3657 1243 3704 Occi-

134 3713 206 3768 uumJ
217 3723 241 3768 9.
252 3735 308 3783 pag.
317 3720 374 3769 259.
408 3722 674 3784 lixuuapartecaput
706 3722 805 3769 dentem
822 3722 949 3783 versus‚si
964 3723 1064 3783 quidem
1074 3727 1162 3784 prater
1178 3723 1243 3768 hauc

135 3786 243 3832 hominia
256 3786 369 3842 nudums
386 3800 418 3834 οι
433 3789 510 3833 altera
527 3791 605 3846 parte,
622 3789 673 3834 bos.
706 3787 792 3833 urbem
803 3787 1023 3849 opportunissimus
1033 3793 1085 3834 erat
1095 3799 1126 3834 ex
1140 3785 1244 3835 Beroni-

135 3850 213 3910 Supra
220 3861 392 3899 censorum.
402 3850 570 3905 Infratvm.
578 3850 674 3912 Nempe
707 3851 753 3897 bus
764 3853 888 3900 macutus.

136 3913 275 3977 Calagurris
296 3913 366 3962 Julia
388 3915 492 3962 Nassica
512 3914 675 3976 municipium
739 3913 772 3961 47
788 3915 927 3966 Beronibus.
960 3917 1094 3964 Ptolemae
1111 3913 1147 3965 11.
1158 3915 1183 3962 6.
1200 3913 1243 3967 ri·

137 3986 196 4036 erat,
213 3981 277 4027 forte
293 3981 329 4026 its
347 3979 442 4028 dictum
461 3993 477 4026 a
496 3978 607 4026 Cornelio
624 3980 675 4028 Sci·
705 3996 774 4044 puers·
818 3979 938 4028 Hiberum
964 3982 1065 4030 fluvium
1093 3977 1241 4028 accolebant.

138 4043 207 4102 moue
217 4044 316 4094 Nasica·
351 4043 448 4092 Plinius
459 4043 508 4091 111.
519 4041 544 4090 8.
553 4050 674 4092 memorat
707 4045 776 4090 Inter
786 4057 871 4092 eorum
886 4047 975 4107 oppida
985 4051 1037 4092 erat
1048 4046 1165 4104 l'ritium,
1176 4059 1242 4093 nunc

140 4105 327 4169 Cdaguritanaa
339 4110 381 4169 qui
392 4108 495 4156 Nassica·
510 4109 675 4168 mersaminan·
711 4107 801 4165 Tricio,
812 4109 869 4170 pres
880 4109 908 4156 ris
918 4109 1021 4175 Najera,
1031 4110 1088 4157 dass
1103 4111 1125 4158 le
1137 4123 1199 4170 pays
1214 4108 1243 4156 cle

140 4173 185 4219 tur.
208 4173 301 4221 Fuitet
314 4174 443 4234 calaguris
454 4172 592 4228 Fibularias
610 4175 679 4222 unde
708 4171 795 4222 Biora.
827 4174 884 4222 iam
904 4174 989 4222 monui
1008 4174 1131 4224 Beronum
1151 4187 1242 4224 nomen

143 4231 230 4284 Plinius
240 4240 286 4286 loc.
299 4239 341 4286 cit.
360 4238 467 4298 appellat
483 4236 675 4298 calaguritanus,
707 4249 807 4286 manere
818 4240 844 4288 in
852 4239 944 4302 oppido
955 4238 1062 4288 Briones.

142 4300 178 4360 qui
197 4303 360 4352 Fibularenses
382 4302 587 4363 rogrmminantur.
629 4303 675 4350 llla
