3042 4980
272 211 416 288 xxxviii
570 115 602 173 ”¹
646 207 988 288 PRAEFATIO.

271 411 407 486 iisdem
426 433 573 485 morum
598 411 923 488 informandorum
941 409 1083 484 monita
1108 421 1145 484 ct
1172 423 1363 508 praecepta

272 526 476 600 narrationi
493 526 696 624 inspergat.
747 527 838 606 Duo
850 527 906 601 ita
922 525 1095 624 praestitit
1111 525 1253 612 Livius,
1272 537 1314 600 ut
1330 526 1363 600 si

274 640 397 715 minus
415 640 551 716 ceteris
565 640 740 717 omnibus
753 643 940 718 dicendus
954 651 1011 716 est
1029 640 1263 739 praeripuisse
1280 640 1363 738 pal-

273 779 386 845 mam,
398 751 498 832 ceite
515 756 608 832 nulli
623 758 818 860 'secundus
831 756 960 832 haberi
978 757 1118 855 possit:
1145 755 1234 830 acsi
1248 755 1363 832 histo-

271 871 408 947 riarum
426 871 597 971 scriptori
610 859 798 947 sufficeret
813 871 906 949 utile
923 871 1026 947 dulci
1044 870 1213 958 miscere,
1227 873 1365 946 frustra

271 987 478 1088 quidquam
496 987 696 1087 perfectio·
718 996 953 1086 quereretur.
1004 986 1079 1064 Sed
1098 1009 1214 1085 quum
1232 987 1363 1062 adrer-

272 1129 337 1179 sus
355 1104 469 1179 fidem
487 1102 626 1202 triplici
643 1103 758 1178 modo
773 1127 932 1202 peccare
941 1102 1025 1202 quis
1038 1102 1170 1200 possit,
1188 1099 1374 1190 nimirum.

270 1219 328 1299 vel
347 1220 471 1296 sciens
481 1233 520 1296 ct
533 1220 674 1308 rolens,
690 1219 750 1294 vel
763 1219 902 1296 amoris
920 1228 985 1295 aul
1003 1217 1079 1296 odii
1091 1217 1201 1294 caecis
1216 1216 1364 1292 insidiis

269 1336 470 1435 deceptus,
487 1335 544 1410 rel
571 1333 803 1433 negligentia
829 1333 981 1433 lapsus,
1008 1333 1139 1408 harum
1165 1333 1363 1431 culparum

269 1451 413 1526 nullam
430 1473 551 1526 essen
567 1473 698 1548 quase
711 1473 859 1550 semper
873 1449 1076 1526 immunem
1096 1448 1226 1524 Livius
1238 1473 1361 1526 serva·

210 1593 215 1602 ²
269 1565 375 1656 verit,
395 1565 554 1656 idoneis,
572 1576 614 1642 ut
630 1577 818 1666 putamus,
837 1565 1065 1664 argumentis
1078 1563 1329 1666 probavimus.

106 1671 242 1726 *mm
321 1683 538 1781 Antequam
557 1681 607 1757 ad
625 1681 779 1758 alteram
797 1682 976 1760 institute
993 1680 1260 1781 disputationis
1277 1698 1362 1780 pnr-

104 1741 244 1789 ceruina·

104 1815 251 1920 122:qu
271 1807 348 1900 teor
366 1811 614 1887 transeamus,
633 1822 682 1874 ne
706 1797 799 1898 quid
818 1796 982 1886 anobis,
999 1796 1287 1899 quodalicujus
1314 1797 1364 1872 sit

105 1944 257 1984 ιοισσσσσ
270 1912 462 2004 momenti,
488 1911 779 2014 pretermissum
802 1914 960 2006 dicatur,
986 1914 1064 1988 duo
1088 1911 1201 1991 nobis
1222 1935 1362 2010 expen-

101 1997 258 2114 illidii]
270 2030 400 2105 denda
416 2038 516 2116 sunt,
532 2054 555 2103 a
572 2030 721 2105 Seneca
734 2041 841 2129 patra
858 2040 896 2104 et
910 2029 1038 2108 Plinio
1051 2031 1193 2125 majore
1209 2029 1364 2124 objecta

268 2144 479 2234 Lirio,non
497 2147 547 2220 ad
566 2171 662 2246 opus
679 2147 809 2246 ipsius,
823 2147 889 2224 sed
909 2149 958 2223 ad
978 2156 1101 2246 utores
1119 2145 1362 2245 animumque

265 2253 520 2360 pertinenti&
560 2247 562 2254 ¹

101 2379 258 2430 Ullumissl·
317 2377 476 2467 Seneca,
506 2375 568 2452 lib.
597 2376 666 2454 lv.
693 2378 875 2457 controv.
902 2385 964 2456 id.
992 2377 1096 2481 hanc
1116 2377 1360 2477 Thucydidi·

99 2447 491 2568 initulitsuiiiesenienliam
507 2495 630 2570 refert.
684 2508 780 2572 Asttal
804 2509 864 2594 pole
889 2505 920 2569 ai
949 2506 1091 2594 εὐπραξίαι
1113 2505 1279 2595 συγκρύψαι
1309 2507 1359 2570 nal

98 2573 240 2716 &ptenar-
264 2616 422 2684 συσκιάσαι
436 2621 475 2682 σὰ
489 2619 596 2694 tatem
609 2621 814 2708 ἁμαρτήματα.
857 2607 984 2692 Quam
1001 2609 1055 2684 sic
1078 2609 1188 2684 vertit
1214 2609 1360 2685 Salius-

262 2722 348 2794 tius.
394 2732 416 2762 ‘⁶
437 2717 710 2801 Resrsecnndae
729 2720 823 2796 mire
838 2732 927 2798 sunt
945 2722 1041 2798 vitiis
1058 2723 1262 2803 obtentui?
1307 2725 1359 2803 T.

259 2833 530 2924 autemLioius,
542 2837 665 2936 inquit
675 2837 833 2926 Seneca,
841 2850 917 2914 torn
927 2842 1073 2938 iniquus
1084 2842 1260 2920 Sollmeio
1258 2843 1357 2938 suit,

260 2964 303 3027 at
319 2951 414 3027 llario
430 2957 653 3041 sententiam,
668 2967 703 3030 et
713 2966 886 3054 tanquam
898 2959 1125 3044 translatam,
1139 2970 1174 3034 et
1187 2969 1358 3058 tunquam

259 3077 467 3164 corruptam
479 3069 564 3145 dum
574 3072 804 3168 transfertur,
812 3073 980 3173 objiceret
993 3071 1183 3155 Sallustio.
1201 3072 1375 3152 Nociocv

239 3205 379 3258 ‚amore
401 3179 630 3281 Thucydidis
646 3187 762 3283 socii,
780 3199 824 3262 nt
840 3189 946 3265 illurn
963 3189 1152 3289 praeferat.
1203 3189 1358 3270 Laudat

259 3321 361 3398 quem
377 3324 449 3374 aori
466 3299 580 3388 liniet,
594 3313 630 3378 at
637 3301 797 3402 facilius
808 3316 920 3404 putot
930 3329 1036 3404 posse
1046 3331 1070 3380 a
1086 3330 1123 3380 rc
1139 3303 1358 3384 Sallustium

257 3413 369 3502 vinci,
386 3414 420 3488 si
437 3426 522 3490 unte
538 3445 561 3492 a
583 3415 794 3517 Thucydide
811 3423 992 3498 vincatur.
1019 3419 1059 3496 Si
1073 3421 1122 3496 de
1138 3420 1223 3521 ipsa
1233 3445 1272 3498 re
1283 3421 1354 3500 Se·

257 3549 362 3600 necae
381 3528 581 3623 credimus,
599 3534 709 3628 cujus
725 3559 817 3610 sane
834 3533 1093 3610 testimonium
1118 3535 1221 3612 haud
1245 3537 1355 3616 facile

256 3639 340 3738 quis
359 3645 549 3738 aspernari
568 3648 700 3745 possit,
717 3650 748 3725 si
770 3649 899 3726 Livius
916 3663 994 3726 tarn
1012 3651 1107 3726 futili
1125 3651 1353 3730 criminatio-

106 3842 124 3866 -.
246 3779 304 3828 *ne
322 3753 538 3835 Sallustium
557 3759 767 3839 insectatus
795 3777 865 3853 est,
884 3769 1053 3865 profecto
1078 3795 1156 3844 non
1181 3771 1353 3847 videmus

117 3877 119 3882 '
256 3869 323 3970 qui
341 3871 455 3948 liceat
472 3877 520 3950 ab
538 3877 711 3972 ejusdem
730 3882 886 3956 Senecae
898 3883 1045 3977 jndicio
1056 3885 1273 3960 discedere:
1302 3889 1354 3964 fa·

183 4013 193 4028 ⁷
256 3988 413 4064 tendum
431 3991 499 4066 erit
516 3991 665 4068 Livium
693 3996 874 4072 Sallustio
893 3998 1067 4093 ejusdem
1089 4001 1219 4096 gloriae
1236 4027 1353 4078 aemu·
1394 4047 1397 4054 ,
1509 4035 1510 4068 r

255 4102 394 4178 latione
411 4105 581 4204 iniquum
599 4111 727 4186 fuisse.
781 4112 882 4196 Quid
907 4114 1007 4189 eninr
1034 4118 1199 4215 corrupti
1218 4119 1353 4217 depre-

256 4218 369 4296 hendi
389 4233 511 4318 potest
530 4223 568 4302 in
585 4229 771 4304 sententia
791 4229 1032 4320 Sallustiana,
1053 4261 1136 4334 quae
1155 4235 1352 4334 Thucydi*
