3120 4984
335 127 439 212 os*
600 235 604 244 ι
724 147 1081 212 rrrrnrvrr-

179 329 210 378 u.
221 330 250 380 c.
260 330 316 380 ter.
342 324 375 380 et
389 309 571 401 lllyriorum
584 307 723 392 castella,
737 310 814 399 ipsis
833 311 1064 382 arcessentrbus
1084 311 1243 400 praesidia,
1258 324 1295 382 ut
1309 313 1409 384 tatio-

180 397 212 442 Α*
224 399 253 445 ⁰·
266 395 320 444 ¹⁷¹·
342 417 393 466 res
406 421 427 464 a
439 397 648 463 finitimorum
662 398 771 484 inpetu
788 397 1005 467 Macedonum
1020 413 1132 478 essent,
1148 401 1243 466 misit.

386 483 574 551 XXXVII.
597 485 709 550 Paucis
735 499 805 586 post
830 486 941 552 diebus
967 488 1010 564 Q.
1035 485 1189 566 Marcius,
1213 490 1254 553 A.
1277 485 1409 566 Atilius,

344 583 378 640 et
397 570 436 637 P.
456 583 489 642 et
509 571 580 638 Sor.
602 571 744 637 Cornelii
770 571 911 655 Lentuli,
933 586 966 638 et
988 571 1029 638 L.
1050 573 1229 650 Decimius,
1253 572 1350 662 legati
1375 575 1413 640 in

333 656 509 723 'Graeciam
538 656 636 740 missi,
667 658 840 746 Corcyram
869 658 1012 746 peditum
1040 658 1128 744 mille
1155 681 1263 724 secum
1292 659 1412 726 advex-

346 758 457 810 erunt:
480 743 526 810 ibi
539 744 623 809 inter
636 766 670 810 se
683 758 714 809 et
728 745 883 832 regiones,
899 769 976 832 quas
997 745 1132 824 obirent,
1148 757 1180 810 et
1200 745 1315 810 milites
1328 743 1415 812 divi·

185 854 307 917 uptiis
346 841 466 896 serunt.
510 829 677 896 Decimius
698 830 811 896 missus
832 845 881 898 est
900 833 940 897 ad
962 831 1126 911 Gentium,
1149 852 1256 920 regem
1283 830 1415 918 Illyrio-
1473 833 1476 838 ’

185 921 316 998 crociam,
347 937 431 996 rum,
457 937 564 1004 quem,
590 916 617 981 si
645 915 781 1004 aliquem
811 932 988 1005 respectum
1017 918 1164 984 amicitiae
1192 940 1264 983 eum
1293 917 1418 984 habere

54 1063 57 1074 .
186 984 503 1098 fflssld'cerneret,
525 1015 658 1081 tentare,
679 1003 853 1100 autetiam
876 1005 916 1070 ad
940 1002 1015 1070 belli
1037 1005 1217 1070 societatem
1238 1003 1417 1088 perlicere*
1453 1003 1456 1008 ’

344 1089 459 1180 jussus.
497 1088 627 1154 Lentuli
640 1089 675 1154 in
691 1088 929 1175 Cephalleniam
944 1090 1042 1169 missi,
1058 1105 1093 1156 ut
1107 1092 1139 1155 in
1157 1088 1415 1175 Peloponnesum

349 1177 540 1264 trajicerent,
563 1196 715 1263 oramque
736 1177 897 1254 marisia
920 1177 1116 1243 occidentem
1140 1177 1231 1256 versi,
1251 1189 1326 1241 ante
1345 1176 1415 1242 hie·

350 1285 436 1329 mem
464 1262 677 1328 circumirent.
721 1261 849 1330 Marcio
876 1276 909 1329 ct
937 1263 1037 1330 Atilio
1067 1263 1196 1348 Epirus,
1222 1261 1356 1342 AEtolia,
1382 1275 1417 1329 et
1541 1341 1543 1346 ,

352 1347 519 1415 Thessalia
532 1347 770 1414 circumeundae
786 1347 1006 1437 adsignantur.
1051 1350 1132 1416 Inde
1147 1349 1305 1430 Boeotiam
1321 1365 1420 1436 atque

352 1433 511 1501 Euboeam
533 1433 694 1520 adspicere
709 1434 807 1522 jussi3
836 1449 905 1501 tom
928 1437 960 1500 in
982 1435 1237 1522 Peloponnesum
1260 1435 1418 1522 trajicere.

341 1521 398 1610 ¹ibi
417 1541 643 1610 congressuros
661 1544 694 1586 se
715 1543 789 1588 oum
812 1521 953 1588 Lentulis
974 1523 1182 1588 constituunt.
1227 1519 1418 1610 Priusquam

352 1607 595 1698 digrederentur
614 1631 634 1673 a
648 1606 801 1698 Corcyra,
815 1607 916 1676 literae
938 1632 957 1674 a
979 1608 1095 1675 Perseo
1116 1609 1233 1674 adlatae
1246 1621 1332 1689 sunt,
1345 1608 1421 1696 qui·

353 1695 414 1762 bus
452 1696 603 1777 uaerebat,
617 1716 691 1781 quae
712 1717 822 1761 caussa
845 1695 999 1762 Romanis
1022 1696 1131 1761 autin
1153 1693 1313 1760 Graecian
1326 1694 1418 1781 traji-

354 1781 403 1847 cie
449 1781 459 1844 i
480 1780 597 1869 copias,
613 1795 670 1846 aut
690 1782 785 1848 urbes
805 1781 993 1868 occupandi,
1008 1779 1110 1848 esset?
1140 1781 1203 1848 Cui
1223 1781 1354 1846 rescribi
1367 1781 1419 1846 ni·

354 1867 401 1934 hil
414 1866 552 1954 placuit3
574 1867 693 1933 nuncio
706 1868 815 1955 ipsius,
831 1869 886 1956 qui
907 1868 1013 1934 literas
1034 1866 1202 1946 adtulerat,
1217 1866 1293 1949 dici,
1304 1870 1421 1952 praesi·

355 1955 406 2021 dii
418 1976 526 2022 catoso
539 1956 675 2039 tyrannam
687 1956 807 2022 orbium
818 1954 1098 2044 Romanoasacere.
1131 1953 1273 2036 Lentuli,
1283 1954 1422 2019 circum-

354 2054 465 2109 euntes
491 2040 704 2126 Peloponnesi
728 2042 858 2130 oppida,
882 2065 980 2130 quom
1006 2043 1073 2110 sine
1099 2039 1282 2108 discrimine
1309 2062 1423 2106 omnes

349 2128 495 2218 ,civitae
514 2127 771 2208 adhortarentur,
786 2141 833 2208 ut,
848 2150 914 2218 quo
934 2130 1051 2207 animo,
1065 2140 1131 2215 'qua
1151 2127 1215 2193 fide
1229 2126 1425 2214 adjuvissent

349 2213 531 2300 Romanos,
549 2214 691 2303 Philippi
713 2215 864 2303 primum,
887 2215 1000 2282 deinde
1021 2213 1175 2281 Antiochi
1196 2213 1290 2292 bello,
1305 2213 1422 2288 eodem

354 2303 505 2368 adversus
531 2300 649 2368 Persea
664 2303 823 2390 juvarent,
845 2302 1006 2368 fremitum
1028 2302 1063 2366 in
1084 2300 1290 2367 concionibus
1311 2299 1424 2366 audie·

194 2408 341 2457 noseorum
356 2391 449 2454 bant:
477 2387 607 2454 Achaeis
628 2389 877 2478 indignantibus,
891 2389 1004 2454 eodem
1026 2410 1059 2454 se
1078 2387 1152 2453 loco
1172 2410 1248 2466 esse,
1265 2387 1335 2474 (qui
1350 2407 1423 2452 om·

194 2474 307 2537 euml*
355 2476 409 2540 nia
422 2497 443 2540 a
456 2475 621 2562 principiis
643 2473 848 2542 Macedonici
870 2475 950 2540 belli·
965 2473 1184 2562 praestitissent
1207 2472 1373 2556 Romanis,
1388 2485 1424 2540 et

357 2560 578 2662 Macedonum
604 2559 861 2662 ,PhffiPl‘ll'ilb
881 2561 989 2627 hostes
1010 2561 1154 2644 fuissent)
1177 2582 1242 2647 quo
1268 2558 1423 2626 Messenii

356 2646 543 2799 titiis
557 2645 1428 2820 ‘tltidthithtss‘tt‘ltdtttttttltt

352 2816 538 2901 'concilium
552 2817 639 2890 velut
660 2819 829 2906 praemium
850 2756 926 2888 beli
947 2843 980 2887 se
1000 2819 1173 2888 victoribus
1195 2818 1325 2886 Achaeis
1339 2818 1427 2886 tradi

379 2917 576 2972 uererentur.

354 2925 379 3004 'q
401 2991 611 3060 XXXVIII.
634 2991 779 3060 Marcius
793 3005 825 3060 et
838 2994 959 3062 Atilius
971 2993 1046 3061 ¹lad
1063 2993 1208 3074 Gitanas,
1224 2991 1316 3080 Epiri
1330 2993 1427 3080 oppi-

354 3078 435 3144 'dum
457 3077 567 3146 decem
590 3079 689 3148 millia
709 3080 752 3147 ab
774 3081 865 3159 mari,
890 3104 991 3169 quum
1019 3081 1259 3159 adscendereot,
1285 3079 1427 3149 concilio

358 3165 568 3252 Epirotarum
592 3165 713 3246 habito,
737 3187 811 3234 cum
839 3189 958 3258 magno
985 3165 1128 3233 omnium
1157 3167 1292 3233 adsensu
1320 3165 1426 3234 auditi

252 3320 253 3327 ,
358 3263 450 3320 sunt:
468 3264 502 3321 et
514 3252 763 3344 quadringentos
771 3254 947 3342 juventutis
961 3275 1072 3320 eorum
1086 3254 1120 3318 in
1135 3255 1274 3331 Orestas,
1288 3265 1326 3319 ut
1339 3273 1428 3340 prae-

357 3337 440 3406 sidio
460 3352 564 3406 essent
576 3338 753 3406 ”liberaris
767 3341 808 3410 ab
822 3345 856 3408 s‘e
873 3338 1117 3419 Macedonibus,
1134 3340 1297 3406 miserunt.
1342 3337 1429 3406 lnde

357 3428 392 3492 in
414 3424 570 3492 AEtoliam
592 3427 762 3578 propressi,
784 3448 823 3492 ac
843 3447 961 3512 paucos
982 3426 1027 3491 ibi
1050 3426 1165 3492 morati
1189 3426 1267 3504 dies,
1289 3424 1369 3491 dum
1390 3426 1427 3490 in

357 3512 506 3599 praetoris
519 3514 638 3578 mortui
665 3532 759 3578 ocum
775 3512 856 3579 alius
877 3512 1094 3593 subticeretur,
1110 3526 1143 3580 et
1155 3512 1327 3604 ”Lycisco
1338 3533 1429 3600 prae·

787 3638 916 3704 'psalma
924 3641 993 3690 crev.

390 3739 424 3790 88
439 3737 480 3788 Aa
502 3739 611 3804 munos]
645 3739 744 3788 Nomen
764 3740 873 3802 incogni-
905 3739 1089 3790 tueritmentio.
1123 3740 1170 3788 Sed
1186 3737 1295 3787 Marcius
1311 3735 1355 3799 qui
1371 3743 1430 3785 tan·

358 3809 425 3858 tum,
455 3805 502 3854 Pro
512 3805 551 3851 his
566 3806 660 3854 duabus
677 3805 777 3852 vocibus
792 3807 874 3866 legen·
905 3805 1035 3853 tummodo
1048 3818 1061 3852 a
1074 3806 1178 3866 Corcyra
1193 3805 1220 3850 in
1237 3803 1342 3864 Epirum
1353 3816 1428 3850 vene

358 3870 420 3916 dum
433 3876 517 3918 oensct
532 3869 584 3917 Iac.
601 3869 738 3917 Gronovius
753 3869 873 3931 AEgilipo,
905 3877 953 3926 rat,
970 3869 1049 3917 nullos
1064 3875 1177 3932 potuerat
1191 3865 1294 3916 liberare
1309 3865 1429 3916 Macedo·

358 3933 476 3994 oppidum
488 3939 651 3982 memoratum
663 3935 775 3985 Straboni
785 3941 811 3981 et
821 3934 874 3982 Sto·
906 3947 958 3990 aas,
966 3947 1043 3994 quum
1053 3947 1084 3982 ne
1092 3934 1263 3981 Macedoniam
1274 3932 1377 3993 quidem
1387 3939 1427 3980 at·

357 3999 440 4058 phano
450 3997 606 4046 exHomero.
626 3993 874 4047 Seddcmendocoa·
905 4000 1008 4060 tighaet.
1040 3997 1132 4047 Forsan
1142 3999 1242 4060 aliquod
1256 3996 1377 4048 mendum
1392 3997 1429 4045 la·

358 4067 423 4109 stare
433 4075 483 4109 non
493 4069 582 4124 potest,
594 4064 641 4112 nisi
656 4069 751 4112 monet
765 4076 810 4112 nos
820 4078 874 4112 om·
906 4069 949 4111 tet.
1334 4115 1339 4124 ,

358 4125 401 4176 nia
410 4125 472 4174 scire
482 4129 576 4175 debere.
938 4127 972 4178 80
987 4127 1085 4189 Lyctxo
1096 4125 1209 4191 marc]
1232 4125 1288 4177 MS.
1298 4127 1427 4188 exemplar

390 4189 423 4238 29
439 4189 554 4239 Ltderattr
564 4191 594 4239 ab
603 4205 628 4240 re
637 4189 814 4304 Modoutoi)
826 4193 872 4241 Vl·
902 4193 989 4244 habuit
1005 4191 1053 4242 Pr.
1067 4196 1134 4242 unde
1149 4193 1250 4255 quidam
1265 4191 1346 4239 secere
1358 4204 1424 4253 pra·

357 4255 430 4304 otus
440 4252 504 4302 aaa
514 4269 537 4304 a
547 4257 632 4305 rerem
646 4258 733 4305 aare
744 4259 775 4304 aa
809 4258 874 4318 pno-
899 4259 973 4323 μω,
983 4264 1012 4306 ur
1021 4258 1081 4306 anno
1095 4257 1187 4306 naum
1202 4257 1351 4306 eoroonuu·
1366 4255 1425 4320 regr-
1532 4239 1533 4296 l

358 4325 406 4378 tas,
415 4317 682 4385 quamvlsnullrhujus
689 4321 724 4370 rei
731 4322 799 4384 prius
809 4323 875 4372 tacta
907 4329 956 4372 tur.
987 4321 1034 4371 Sed
1045 4328 1112 4386 patet
1120 4337 1151 4372 ex
1162 4323 1193 4371 iis
1203 4321 1351 4384 verbisque
1362 4334 1425 4386 pre·
1531 4335 1532 4340 ¹
