3120 4984
466 190 563 252 utu.
583 190 696 252 XLIV.
724 191 829 256 CAP.
851 191 919 252 XX.
1162 197 1218 262 189

138 354 218 439 ficio
232 357 295 422 rite
302 349 453 444 perflato,
467 379 500 422 se
514 367 544 422 et
559 359 615 424 Cn.
631 357 802 432 Octavian,
815 359 906 422 simul
914 367 1036 422 senatus
1050 358 1220 436 censuisset,
1228 359 1261 410 U·
1271 358 1296 406 ⁰·-
1308 357 1366 407 ³⁸4·

149 443 285 508 exituros
300 466 370 508 esse.
404 445 581 509 azanio
595 446 719 529 collega
732 446 865 528 suasore
879 464 970 520 caree,
981 465 1013 507 se
1027 443 1158 519 absente,
1174 454 1219 520 ut,
1228 425 1261 472 A.
1273 423 1299 472 θ’
1313 423 1368 472 168·

147 529 179 591 si
189 550 253 612 qna
269 531 388 613 parari
401 532 520 595 mittiue
534 533 579 594 ad
592 533 628 594 id
648 531 756 596 hellam
771 552 848 614 opas
860 532 912 608 sit,
923 539 1079 613 parentur
1092 531 1220 596 enitten-

148 623 269 698 turque.
313 617 439 682 Interea
453 618 624 701 legationes
639 626 811 680 exterarum
826 620 985 682 nationum
1000 617 1109 680 audiri
1122 637 1218 693 posse.

148 699 175 737 ¹¹
185 701 349 767 Sacrificio
360 703 421 767 rite
430 701 582 788 perfecto,
594 703 689 788 primi
703 702 927 783 Alexandrini,
938 703 1034 790 legati
1049 701 1123 768 1²ab
1141 701 1219 768 Pto-
1228 703 1336 778 ΜΨ·
1367 766 1374 778 ,

146 786 263 852 lemaeo
280 801 312 853 et
328 788 500 873 Cleopatra
520 790 662 877 regibus,
676 791 779 854 vocati
800 802 884 854 suut.
931 789 1103 865 Sordidati,
1119 767 1383 854 barba⁶¹¹¹¹¹¹0ffi

147 886 181 938 et
195 874 311 959 capillo
326 875 492 962 promisso,
509 897 581 940 oum
598 876 694 940 ramis
708 875 787 942 oleae
807 877 937 962 ingressi
954 878 1086 954 curiam,
1102 897 1219 959 procu-

147 960 306 1027 bueruntr
329 975 361 1027 et
375 963 488 1040 oratio,
505 983 601 1050 quam
616 961 753 1039 habitus,
769 962 828 1028 luit
841 962 1060 1028 miserabilior.
1104 963 1218 1028 Antio-

147 1047 227 1113 chus
243 1049 345 1134 Syriae
367 1071 435 1126 rex,
453 1051 508 1199 spui
523 1051 616 1115 obses
632 1051 747 1114 Rourae
760 1048 873 1128 fuerat,
891 1071 947 1132 per
965 1047 1131 1114 honestam
1149 1072 1218 1135 spe-

147 1135 229 1199 ciem
252 1136 380 1221 majoris
404 1137 466 1202 Pto
479 1137 570 1202 etaaei
589 1136 763 1202 reducendi
782 1137 815 1200 in
836 1157 982 1224 regnum,
1005 1135 1122 1200 bellum
1142 1157 1216 1202 ouat

145 1221 274 1286 minore
288 1223 385 1287 fratre
399 1225 478 1311 ejus,
494 1225 548 1310 qui
564 1236 632 1287 tum
648 1223 872 1288 Alexandriam
896 1223 1033 1299 tenebat,
1048 1243 1170 1309 gerens,
1186 1236 1220 1287 et

147 1307 189 1372 ad
217 1307 380 1374 Pelusium
405 1310 510 1374 navali
537 1309 652 1396 proelio
677 1310 778 1374 victor
802 1309 983 1389 fuerat,·et,
1010 1308 1220 1374 tumultuario

146 1417 246 1479 opere
271 1409 369 1480 ponte
393 1418 451 1481 per
477 1396 588 1460 Nilum
614 1395 708 1474 facto,
732 1409 944 1483 transgressus
969 1418 1043 1460 cum
1066 1395 1218 1474 exercitu,

145 1482 316 1547 obsidione
336 1483 437 1568 ipsam
459 1483 688 1550 Alexandriam
712 1486 867 1552 terrebat:
891 1505 950 1548 nec
971 1481 1084 1568 procul
1098 1481 1218 1555 abesse,

147 1568 227 1654 quia
250 1569 408 1653 potiretur
432 1591 532 1658 regno
551 1569 802 1656 opulentissimo,
826 1569 1004 1636 videbatur.
1051 1568 1100 1634 Ea
1124 1569 1221 1655 legati

146 1668 315 1740 querentes
329 1657 465 1722 orabant
478 1669 633 1736 senmum,
649 1670 685 1722 ut
699 1676 792 1742 opem
815 1679 915 1740 regno
937 1657 1127 1743 regibusque
1141 1657 1220 1720 ami·

147 1743 197 1806 cis
211 1742 348 1826 imperio
361 1741 489 1808 ferrent.
521 1747 575 1808 Eu
587 1747 699 1808 merita
709 1746 822 1826 papali
832 1745 971 1808 Romani
981 1746 1014 1807 in
1026 1743 1228 1822 Antiochum,-

148 1851 217 1894 eorn
229 1833 313 1914 apud
321 1851 422 1895 ornnes
432 1852 517 1914 reges
524 1840 688 1915 gentesque
698 1832 910 1896 anctoritatem
922 1851 993 1906 esse,
1005 1839 1049 1906 nt,
1061 1831 1091 1894 si
1103 1831 1221 1914 legatos

148 1917 312 1995 misissent,
328 1918 383 2000 qai
396 1919 628 1994 denunciarent,
640 1939 701 1980 non
710 1921 836 2000 placere
849 1918 980 1995 senatui,
996 1918 1087 1981 sociis
1100 1915 1221 2000 regibus

149 2002 258 2066 tentem
271 2005 363 2087 fieri,
390 2005 538 2086 externplo
565 2004 752 2070 abscessurus
781 2027 801 2066 a
831 2004 977 2069 manias
1004 2003 1219 2080 Alexandriae,

149 2089 391 2174 abducturusque
405 2092 567 2154 exereitum
583 2092 617 2153 in
631 2091 753 2174 Syriam
769 2101 853 2156 esset.
894 2090 987 2167 Quot
1003 2093 1033 2156 si
1046 2099 1223 2154 cunctentur

132 2175 260 2263 facere,
271 2177 357 2241 hreni
370 2187 505 2242 eatorres
518 2189 613 2260 regno
623 2179 822 2241 Ptolemanm
837 2187 866 2242 et
883 2179 1080 2260 Cleopatram
1090 2177 1222 2242 Romam
1301 2187 1303 2192 '

150 2272 300 2338 venturos,
323 2285 389 2328 crem
407 2266 527 2347 pudore
545 2263 675 2346 pendam
692 2266 807 2347 populi
830 2265 977 2338 Romam,
1021 2265 1083 2326 aad
1106 2265 1222 2327 nnllam

152 2369 236 2432 opem
251 2352 285 2412 in
300 2351 407 2414 altimo
422 2351 599 2416 discrimine
599 2349 806 2434 sortrmernm
820 2352 970 2416 tulissent.
1017 2431 1018 2434 Ἴ
1049 2349 1093 2413 oti
1110 2347 1221 2412 Patres

150 2435 298 2520 precibus
320 2433 623 2510 Alexandrinorum,
646 2435 809 2520 extemplo
824 2435 850 2474 ¹³
860 2435 898 2500 C.
915 2433 1087 2519 Popillium
1105 2435 1270 2500 Lana-Ad
1281 2441 1367 2488 Anas

150 2534 227 2599 tem,
240 2522 287 2588 et¹
300 2522 338 2586 C.
352 2523 546 2600 Decimium,
561 2533 594 2587 et
608 2521 646 2586 C.
661 2522 835 2588 Hostilium
846 2521 978 2610 legatos,
992 2520 1033 2584 ad
1044 2520 1220 2586 finiendum
1230 2507 1359 2618 ξζξζωθὲ

152 2607 340 2696 interreges
355 2608 485 2687 bellum,
503 2609 664 2674 miserunt.
698 2608 794 2674 Prius
804 2608 1010 2685 Antiochum,
1024 2608 1095 2672 dein
1112 2607 1220 2673 Ptole·
1230 2649 1273 2682 um
1282 2636 1387 2682 mittun.

151 2708 270 2760 maeum
286 2694 472 2782 adirejussi,
489 2709 518 2760 at
530 2696 692 2771 nunciare,
706 2697 738 2761 ni
751 2696 921 2762 absistatur
932 2694 1026 2772 bello,
1039 2717 1097 2781 per
1112 2708 1221 2762 utrum
1231 2700 1361 2760 turlegsu.

151 2782 297 2859 stetisset,
313 2805 385 2846 eum
399 2805 462 2846 non
479 2783 666 2867 praemisa,
683 2805 742 2848 nec
758 2805 817 2868 pro
832 2784 918 2848 socio
933 2781 1187 2848 babituros'esse.

197 2867 282 2934 XX.
306 2869 371 2934 His
393 2870 477 2934 intra
499 2869 639 2934 triduum
659 2869 751 2933 simul
774 2893 846 2935 cum
866 2870 975 2959 legatis
995 2869 1223 2936 Alexandrinis

93 2983 100 2998 ·
153 2954 313 3039 prasentia,
328 2957 425 3044 legati
440 2979 480 3020 ex
496 2953 688 3021 Macedonia
702 2956 728 2996 ¹⁴
737 2957 993 3044 Quinquatribus
1007 2957 1127 3022 ultimis
1142 2956 1223 3022 adeo

78 3087 83 3096 ·
152 3043 325 3128 exspectati
351 3055 517 3118 venerunt,
543 3043 600 3120 uti,
623 3043 685 3106 nisi
705 3065 815 3127 vesper
835 3057 925 3121 esset,
946 3043 1107 3127 extemplo
1133 3065 1224 3108 sena·

140 3141 222 3194 ¹tum
250 3129 392 3194 vocaturi
415 3128 559 3194 consules
583 3128 711 3194 suerint.
758 3129 892 3194 Postero
918 3130 970 3202 die
995 3143 1122 3194 senatus
1144 3129 1221 3205 suin

152 3215 313 3302 legatique
334 3215 436 3282 auditi
458 3227 542 3280 sunt.
588 3215 616 3280 Ii
638 3215 803 3297 nunciant,
823 3215 1379 3301 Major-epertat0,qaam1aeatorum

153 3305 358 3380 emolumento,
370 3305 532 3367 exercitant
542 3322 603 3386 per
617 3304 717 3366 inuios
730 3304 826 3366 saltas
837 3303 870 3366 in
885 3303 1222 3368 Macedoniamindne·
1231 3297 1261 3330 ²¹
1301 3283 1386 3330 Μ’

153 3399 226 3454 tam.
271 3391 424 3466 Pieriam,
443 3387 536 3473 ¹⁵qno
551 3390 756 3472 processisset,
773 3411 871 3474 regem
893 3398 1010 3452 tenere.-
1032 3399 1136 3454 rostra
1157 3348 1382 3460 cas-mffuo.

601 3504 642 3560 ¹et
653 3514 701 3562 del.
709 3511 779 3562 Creu.

192 3611 222 3659 11
246 3611 369 3674 Snerrsseta
389 3613 435 3660 rtte
451 3611 563 3674 perfracto,
581 3612 673 3675 primi]
706 3615 954 3674 Cleopatranam
968 3611 1058 3674 legatio
1073 3615 1104 3661 de
1119 3625 1168 3674 qua
1184 3615 1224 3662 hic

156 3675 208 3723 Vix
219 3677 323 3724 dubium
337 3678 434 3724 videtur
446 3691 507 3731 esse,
518 3683 567 3723 tres
582 3679 674 3737 primas
706 3681 757 3740 agit
768 3680 860 3726 Livius.

156 3755 229 3789 voces
245 3755 276 3788 ex
293 3741 379 3801 quinto
395 3747 453 3787 ants
472 3753 543 3788 versu
560 3743 609 3788 buc
627 3743 675 3788 ita·
740 3743 772 3791 18
788 3739 817 3792 ζ’.
831 3743 962 3805 Popillium
973 3744 1102 3803 Lernam,
1114 3744 1142 3793 C·
1153 3744 1224 3790 Dece·-

156 3806 308 3868 migravisse
345 3805 414 3852 Nihil
430 3806 460 3853 iis
478 3807 523 3852 hoc
542 3807 595 3854 loco
614 3819 675 3867 opus
708 3808 1025 3871 mlum,etC.Hoettttnm]
1044 3809 1172 3855 Sicvoluit
1187 3807 1224 3854 st-

156 3877 202 3917 est.
707 3874 803 3934 gonius.
821 3873 887 3921 Olim
899 3875 957 3920 editi
968 3875 1097 3929 habebant,
1106 3878 1128 3920 et
1138 3873 1165 3921 C.
1174 3874 1224 3920 De·

191 3935 222 3983 12
238 3933 276 3982 Aa
295 3933 431 4000 Ptolemae]
462 3935 595 3983 Ptolemoeo
617 3935 676 3996 Epi·
706 3939 813 3992 anetam,
833 3938 861 3986 C.
876 3938 1015 3985 Hartlltam.
1044 3939 1144 4000 vulgati
1159 3951 1225 3986 nunc

156 4000 233 4060 phuni
243 4001 293 4046 duo
308 3999 352 4046 titii
366 3999 443 4059 luere,
454 3999 601 4047 Ptolemaeus
618 4001 675 4048 Phi·
706 4003 833 4063 geminant
842 4008 873 4050 rt.

155 4065 271 4118 lometor,
289 4065 332 4125 qui
351 4077 458 4112 sororem
477 4065 630 4126 Cleopatram
649 4067 675 4112 in
735 4065 773 4113 ll
792 4056 975 4129 Quinquatrtlra
996 4063 1225 4131 attentamus

156 4129 317 4176 matrimonio
337 4129 464 4185 habuerat,
481 4136 507 4176 et
528 4127 676 4177 Ptolemoeus
707 4132 747 4178 die
758 4129 964 4192 Quinquatruum.
983 4133 1038 4178 vid.
1051 4141 1101 4180 not.
1112 4132 1153 4181 to.
1164 4135 1195 4180 ad
1206 4135 1224 4180 l.

157 4193 358 4254 Evergetes,sive
365 4193 486 4255 Physcon,
494 4195 597 4255 quitum
605 4196 677 4256 pulso
708 4195 796 4242 XXX.
812 4209 834 4242 c.
851 4196 893 4244 86.
912 4196 950 4242 De
966 4197 1158 4258 Quinquatribus
1174 4199 1224 4260 egi·

157 4257 419 4306 narentanorum
430 4262 528 4307 tenebat
537 4273 595 4307 cum
607 4261 675 4308 Cleo·
708 4273 763 4308 mus
773 4261 805 4307 ad
815 4261 832 4306 l.
844 4260 942 4308 XXVI.
954 4277 978 4310 c.
989 4263 1030 4312 27.

156 4329 236 4383 petru,
261 4333 338 4382 quam
363 4322 522 4373 Philometori
544 4327 675 4392 adamnat-
742 4324 773 4372 1⁵
790 4325 1005 4389 Qaproenamt]
1021 4328 1225 4377 Romanusexet·

156 4387 197 4434 Ab
216 4387 266 4450 hit,
283 4398 371 4448 nempe
388 4387 521 4438 Ptolemaeo
539 4390 632 4438 minare
651 4399 677 4438 et
708 4393 780 4440 citus.
814 4389 1225 4452 caerumhtchabenmentuto·
