3042 4980
238 329 241 334 ,
295 211 335 288 nr
667 207 1016 311 enorme.

296 412 480 504 hminum
489 407 1395 512 mannnttpieffcurinleegeorreconetmius,

297 528 491 626 copiosius,
510 527 642 602 verina.
662 621 664 626 Ι

137 656 292 717 Quobmnr
351 641 481 716 Unam
494 649 639 716 tentum
652 639 852 727 decadem,
863 663 948 716 eam
961 636 1108 714 scilicet
1118 663 1205 738 quac
1217 639 1399 719 secunde

139 736 166 770 re
175 735 281 782 unaque

139 803 187 848 (lue
197 799 253 847 l)m

139 853 282 913 mpplemen

283 742 469 838 'idtianar
487 756 590 832 vices
607 751 770 852 supplet,
789 751 897 833 vivus
913 752 1121 852 vidensque
1137 752 1178 828 in
1201 755 1400 852 publicum

140 872 476 974 mmmpublemiserat
493 868 784 956 Freinshemius
805 866 985 955 Holmiae,
1003 891 1104 949 anno
1123 866 1400 950 MDCXLIX.

140 982 181 1027 lici
188 980 252 1044 juris

140 1047 205 1093 faeta
215 1045 257 1092 sit.

302 985 465 1070 Biennio
489 995 576 1085 post
598 985 680 1081 ejus
693 991 871 1102 mortem,
889 983 930 1058 id
948 991 1007 1058 est
1022 1007 1124 1059 anno
1142 982 1400 1062 MDCLXII.

302 1129 391 1184 eum
408 1103 544 1184 endem
560 1101 625 1178 illa
640 1100 790 1177 decade
807 1123 956 1174 mrsum
969 1097 1071 1196 typis
1084 1123 1237 1188 excusa,
1250 1100 1401 1199 prodie-

162 1255 165 1274 r
302 1231 389 1296 runt
406 1219 445 1296 in
462 1219 582 1294 lucem
603 1215 844 1312 Argentorati
869 1223 907 1290 et
932 1213 1173 1292 Francosurti
1198 1214 1309 1299 etiam
1337 1216 1406 1298 alii

302 1335 575 1436 quinquaginta
590 1332 687 1419 libri,
707 1331 843 1408 alibro
861 1329 1043 1416 nimirum
1055 1340 1165 1416 sexto
1183 1343 1221 1408 et
1237 1334 1403 1430 quodra-

303 1451 448 1550 gesimo
465 1450 514 1528 ad
533 1447 706 1546 quintum
724 1458 761 1533 et
779 1445 1078 1543 nonagesimum.
1121 1446 1299 1546 Denique
1309 1449 1405 1530 inte÷

302 1591 411 1664 grum
423 1567 505 1661 jam
522 1589 617 1663 opus
635 1562 803 1653 Parisiis,
821 1572 1023 1645 accurunte
1040 1561 1212 1659 Dujatio,
1232 1587 1317 1645 cum
1336 1564 1404 1645 -Li-.

304 1682 367 1760 rio
383 1681 529 1761 editum
548 1691 619 1756 est.

200 1837 208 1870 t
238 1834 278 1868 em
359 1797 487 1893 Hujus
504 1797 628 1895 operis
646 1821 696 1874 ea
710 1820 808 1895 pars,
827 1792 943 1894 qubm
960 1819 1095 1893 parens
1111 1795 1195 1895 ipse
1213 1796 1253 1873 in
1278 1797 1405 1896 lucem

143 1903 175 2030 ⁵3¹2
187 1899 298 1998 ·u⁰i¹.¹‘¹¹'
307 1913 501 2012 produxit,
519 1911 684 1994 limatior
700 1914 869 2011 profecto
886 1912 1020 1989 ceteris
1038 1935 1121 1990 esse
1134 1913 1261 2002 debet,
1274 1921 1314 1990 et
1324 1937 1406 1998 mar

143 2031 218 2064 ‘¹⁰¹⁸‘
307 2029 365 2127 gis
391 2028 531 2110 habere
561 2028 839 2110 absolutionem
867 2028 1076 2125 quamdam
1100 2053 1208 2107 suam
1234 2038 1272 2104 et
1294 2028 1407 2127 quasi

306 2144 577 2226 maturitatem.
630 2143 708 2219 Sed
736 2153 782 2236 et
799 2167 932 2243 parum
955 2141 1102 2220 videtur
1118 2143 1293 2232 abscisse,
1311 2145 1408 2243 quin

307 2273 515 2340 extremam
531 2258 755 2360 imposuerit
770 2281 926 2366 manum
943 2255 1019 2333 illis
1045 2283 1200 2358 quoque
1218 2259 1406 2358 quinqua-

306 2379 412 2477 ginta
428 2377 545 2466 libris,
564 2376 727 2477 quinon
744 2372 862 2451 multo
880 2382 967 2472 post
983 2373 1067 2468 ejus
1085 2384 1242 2450 mortem
1263 2375 1409 2474 publici

302 2494 400 2590 juris
416 2491 637 2579 facti‘suntr
664 2491 802 2590 quibus
818 2487 972 2587 quidem
991 2488 1103 2566 etiam
1122 2491 1307 2568 monitum
1321 2491 1409 2587 ejus

305 2613 503 2708 praedx-um
520 2618 589 2695 est,
607 2631 684 2706 quo
702 2607 787 2704 ipse
803 2605 936 2680 lectori
953 2606 1024 2679 hos
1050 2605 1165 2682 tradit
1189 2606 1227 2682 in
1253 2630 1409 2702 manum

306 2725 425 2804 libros
441 2733 481 2798 et
498 2722 754 2806 commendat.
797 2722 1003 2820 Quumque
1016 2723 1091 2808 hoc
1105 2723 1302 2813 monitum,
1315 2731 1408 2822 qua·⁴

306 2839 466 2938 leapud
492 2833 692 2934 Dujatium
718 2837 888 2927 habetur,
906 2847 1037 2924 notam
1065 2837 1154 2913 anni
1179 2837 1411 2916 MDCLIV.

162 3025 165 3034 ,
308 2957 492 3055 proterat,
510 2954 658 3031 videtur
671 2954 752 3050 J'am
769 2964 850 3029 tum
868 2955 939 3030 hos
957 2953 1073 3030 libros
1096 2954 1268 3033 editurus
1293 2953 1413 3032 anese
1447 3027 1450 3034 .

311 3069 603 3158 Freinshemius,
621 3068 695 3145 nisi
705 3069 843 3170 siliqua
860 3070 894 3146 ei
910 3069 1122 3163 undeunde·
1135 3071 1289 3167 objecta
1303 3093 1413 3148 mora

310 3186 457 3266 fuisset.
511 3187 698 3264 Postremi
715 3185 882 3286 quinque
901 3197 939 3262 et
953 3183 1209 3286 qnadraginta
1223 3185 1319 3274 libri,
1339 3184 1414 3268 etsi

311 3301 476 3382 absoluti
493 3303 541 3378 ab
558 3313 711 3379 auctore
728 3304 889 3390 fuerunt,
906 3325 986 3378 non
1003 3313 1130 3379 tamen
1146 3327 1256 3400 reque
1281 3326 1327 3376 ae
1349 3303 1413 3376 cess

231 3481 236 3491 .
311 3419 380 3498 teri
398 3418 573 3502 ridentur
587 3418 745 3518 expoliti
763 3418 890 3498 luisse.

364 3535 440 3614 Sed
459 3535 600 3636 ubique
617 3533 743 3610 mirari
759 3533 850 3610 lieet
866 3532 1008 3610 variam
1024 3545 1062 3610 et
1079 3534 1274 3634 copiosam
1288 3532 1413 3622 erudi

313 3652 470 3741 tionem,
487 3674 688 3750 operosam
703 3649 745 3727 in
761 3649 986 3748 colligendis
1008 3649 1054 3726 iis
1079 3677 1163 3752 qnae
1189 3652 1348 3751 sparsim
1364 3661 1415 3728 et

195 3803 205 3830 Ι
313 3765 528 3850 minutatim
554 3766 655 3864 epod
681 3763 982 3864 quamplurimos
1012 3766 1214 3866 scriptores
1241 3767 1415 3862 disjectae

314 3891 423 3962 erant
440 3882 605 3960 historie
624 3880 810 3960 Romanae
837 3879 1004 3981 reliquiis
1030 3882 1275 3980 diligentiam,
1293 3881 1333 3958 ia
1354 3907 1414 3958 re·

311 3998 588 4099 pmsentandis
612 3996 824 4094 religiosam
851 3998 979 4086 fidem,
1000 3997 1040 4074 in
1065 3999 1416 4098 comperendinet

310 4139 380 4200 suo
408 4115 496 4192 loco
526 4122 639 4212 atque
667 4111 801 4196 ordine
834 4099 1025 4214 tanqubm-
1047 4114 1236 4193 tesserulis
1264 4116 1303 4190 in
1333 4141 1413 4190 em·

309 4231 474 4308 blemate
501 4221 743 4316 vermiculato
766 4230 967 4322 struendis,
995 4229 1257 4309 dexteritatem
1281 4240 1324 4308 et
1349 4258 1414 4310 so-
