3056 4976
344 213 381 267 18
735 205 846 266 ΤΙΤΙ
877 195 1031 268 LlVlI.

179 372 327 440 ubere.
387 369 502 436 XVII.
526 369 569 434 Et
590 357 645 434 Ti.
663 369 868 455 Semprorlius
893 370 1003 434 eodem
1032 381 1175 454 tempore
1200 363 1411 436 in'Sardlnia

179 453 250 532 M:
264 459 317 505 ¹⁷⁶·
343 457 450 522 multis
465 456 608 521 secundis
622 455 742 542 proeliis
759 455 875 521 Sardos
897 456 1086 536 perdomnit.
1109 455 1289 541 quindecim
1308 455 1411 520 millia

181 518 335 633 {ffl'd'm‘
343 544 479 608 hostium
491 556 562 608 aunt
574 559 665 607 coesa.
697 541 818 606 Omnes
830 541 1003 606 Sardorum
1016 541 1136 627 populi,
1149 541 1204 628 qui
1215 541 1407 618 defecerant,

342 631 376 694 in
398 629 547 694 ditionem
571 627 700 706 redacti.
723 627 933 714 stipendiariis
946 612 1112 692 ueteribu's
1134 627 1253 713 duplex
1271 629 1350 692 vecti
1364 629 1407 712 al

344 718 543 802 imperatum,
554 727 775 798 exactumque:
798 715 893 778 ceteri
904 713 1093 778 frumentum
1105 713 1317 802 contulerunt.
1344 651 1407 777 lla·

343 815 414 867 cata
428 802 601 885 provincia,
616 799 839 886 obsidibusque
854 821 895 864 ex
912 812 978 865 tota
998 800 1100 864 insula
1116 800 1260 864 ducentis
1272 800 1409 883 triginta

344 888 491 972 acceptis,
507 887 602 974 legati
619 886 765 964 Romam,
779 886 833 970 qui
845 908 881 950 ea
895 886 1092 961 nunciarent,
1105 887 1209 960 missi;
1234 889 1350 972 quique
1364 887 1407 950 ab

343 988 451 1040 senatu
467 984 621 1058 peterent,
631 986 666 1037 ut
679 971 722 1034 ob
734 995 786 1036 eas
798 994 857 1049 res,
867 971 965 1036 ductu
978 973 1179 1058 auspicioque
1191 971 1244 1035 Ti.
1257 973 1408 1059 Sempro-

341 1061 387 1124 nii
402 1063 553 1144 prospere
567 1071 680 1142 gestas,
697 1057 768 1124 Diis
784 1057 1118 1123 inmortalibushonos
1133 1057 1312 1134 haberetur,
1329 1059 1409 1144 ipsi-

343 1169 405 1234 que
414 1146 579 1210 decedenti
591 1145 631 1209 de
640 1143 804 1229 pruvincia
813 1145 986 1208 exercitum
995 1165 1099 1209 secum
1110 1143 1278 1228 deportare
1288 1143 1408 1209 liceret.

345 1233 489 1309 Senatus,
504 1235 535 1294 in
552 1233 622 1294 aede
637 1229 793 1314 Apollinis
809 1232 982 1317 legatorum
995 1230 1096 1294 verbis
1111 1230 1235 1306 auditis,
1248 1230 1409 1314 supplica-

240 1317 245 1341 ³
344 1320 462 1382 tionem
478 1319 510 1380 in
526 1317 660 1382 biduum
676 1316 824 1391 decrevit,
831 1329 868 1379 et
906 1317 1095 1404 uedraginta
1110 1316 1280 1401 majoribus
1295 1316 1408 1381 hostiis

343 1405 488 1469 consules
500 1405 676 1468 sacrificare
686 1402 795 1486 jussit:
820 1401 872 1465 Ti.
883 1337 1108 1486 bempronium
1122 1401 1340 1486 proconsulem
1352 1426 1408 1466 ex-

343 1493 539 1574 ercitumque
560 1511 598 1554 eo
620 1509 704 1552 anno
727 1488 761 1550 in
786 1489 950 1572 provincia
972 1510 1108 1552 manere.
1155 1489 1295 1552 Comitia
1317 1488 1408 1552 dein·

343 1576 384 1639 de
398 1576 534 1640 consulis
558 1575 651 1638 unius
673 1573 879 1660 subrogandi,
893 1573 997 1658 ⁷⁰quae
1020 1576 1051 1636 in
1075 1573 1252 1638 antediem
1276 1575 1407 1639 tertium

79 1729 82 1738 .
345 1664 453 1726 Nonas
470 1661 605 1726 Sextiles
621 1661 724 1725 edicta
745 1671 844 1736 erant,
861 1683 900 1723 eo
921 1662 990 1744 ipso
1009 1659 1060 1724 die
1074 1673 1148 1724 sunt
1161 1659 1316 1726 conlecta.
1361 1661 1408 1736 Q.

181 1753 325 1800 eoeneum·
346 1748 488 1812 Petillius
510 1745 620 1832 consul
643 1745 807 1831 collegam,
822 1746 876 1831 qui
898 1747 1058 1832 externplo
1081 1741 1298 1832 magistratum
1320 1747 1407 1812 oeci·

180 1824 258 1881 Μ’·
343 1847 441 1918 peret,
458 1834 573 1897 creavit
586 1833 625 1897 C.
638 1832 799 1895 Valerium
817 1832 995 1897 Laevinum.
1038 1831 1063 1875 ⁷¹
1071 1831 1111 1909 Is,
1119 1834 1185 1920 jam
1198 1833 1253 1896 diu
1268 1832 1406 1916 cupidus

342 1920 525 2005 provinciae,
552 1939 650 2005 quum
673 1931 863 2002 opportunae
889 1918 1054 2000 cupiditati
1080 1906 1147 2003 ejus
1169 1917 1267 1983 literae
1292 1918 1407 1983 adlatae

342 2018 453 2084 essent,
471 2006 606 2092 Ligures
622 2005 796 2079 rebellasse,
811 2005 912 2067 Nouis
925 2003 1094 2068 Sextilibus
1108 2002 1135 2048 ⁷²
1144 2003 1322 2088 paludatus,
1335 2003 1407 2069 lite-

342 2093 385 2156 ris
397 2087 519 2168 auditis‚
532 2091 688 2154 tumultus
697 2092 763 2175 ejus
774 2111 882 2153 caussa
893 2089 1050 2177 legionem
1062 2090 1186 2155 tertiam
1199 2089 1240 2154 ad
1254 2090 1293 2155 C.
1308 2091 1408 2156 Clau-

341 2178 429 2242 dium
452 2176 672 2262 proconsulem
693 2179 725 2239 in
742 2175 881 2240 Galliam
904 2175 1059 2260 proficisci
1076 2178 1186 2261 jussio
1210 2189 1240 2240 et
1259 2175 1407 2240 duumvi·
1457 2215 1460 2222 ·

342 2287 394 2329 ros
410 2264 534 2328 navales
550 2285 621 2326 cum
637 2262 734 2326 classe
751 2261 840 2326 Pisas
855 2263 911 2339 ire,
928 2261 980 2347 qui
998 2262 1153 2348 Ligurum
1170 2283 1269 2339 oram,
1283 2263 1406 2327 mariti·

341 2371 428 2415 mum
442 2373 567 2437 quoqne
581 2362 733 2413 terrorem
749 2348 959 2425 admoventes,
974 2348 1301 2412 circumvectarentur.
1341 2349 1408 2412 Eo-

341 2437 461 2502 demet
478 2436 521 2512 Q.
536 2435 679 2500 Petillius
694 2433 803 2498 consul
823 2433 863 2498 ad
885 2434 1135 2502 conveniendum
1151 2434 1302 2518 exercitui
1319 2435 1406 2500 diem

341 2524 492 2588 edixerat.
538 2521 582 2585 Et
598 2521 636 2586 C.
652 2521 803 2584 Claudius
824 2520 1006 2602 proconsul,
1028 2521 1134 2600 audita
1157 2519 1328 2589 rebellione
1348 2519 1407 2584 Li-

342 2631 469 2709 gurum,
486 2623 603 2690 praeter
617 2629 669 2670 eas
682 2607 800 2690 copies,
816 2627 893 2690 quas
909 2605 1158 2675 secum'Parmae,
1168 2606 1316 2686 babebat,
1330 2607 1408 2672 sub-

342 2696 441 2758 itariis
455 2693 605 2758 conlectis
626 2691 790 2771 militibus,
806 2692 979 2756 exercitum
1002 2690 1043 2755 ad
1065 2692 1144 2756 fines
1166 2692 1324 2779 Ligurum
1346 2693 1406 2758 ad-

345 2782 452 2846 movit.

180 2886 265 2934 notu
277 2887 315 2934 nt·
386 2865 518 2930 XVIII.
543 2864 661 2929 Hostes
683 2863 742 2928 sub
762 2865 932 2946 adventum
949 2865 987 2930 C.
1000 2865 1135 2942 Claudii,
1150 2889 1169 2930 a
1183 2889 1247 2953 quo
1268 2865 1350 2930 duee
1373 2889 1406 2931 se

178 2951 246 3009 euri·
256 2952 551 3016 eotememinerant
566 2971 668 3034 nuper
684 2950 724 3015 ad
743 2951 946 3017 Scultennam
962 2951 1078 3017 flumen
1094 2953 1195 3016 victos
1208 2951 1408 3040 fugatosque,

343 3139 406 3198 quod
424 3139 534 3196 multum,
555 3153 627 3198 quum
655 3153 710 3201 ager
727 3140 769 3186 ille
790 3139 853 3187 bello
885 3139 1082 3201 esreprorinoia.

342 3211 425 3263 eaptus
436 3206 517 3252 multis
534 3205 638 3250 millibus
656 3205 777 3253 hominum
794 3206 854 3252 divi·
918 3212 948 3255 79
966 3205 1111 3262 Poludutue,
1124 3207 1211 3252 diteris
1222 3201 1324 3265 mediiis]
1342 3205 1405 3254 Hoc

342 3269 365 3315 di
378 3271 465 3316 riritbu
474 3283 543 3331 posse
554 3271 654 3316 dicatur.
884 3270 996 3317 videntur
1013 3273 1111 3328 narrari,
1130 3278 1243 3330 tanquam
1262 3279 1404 3330 argumenta

375 3341 406 3384 70
425 3336 484 3391 Quo
501 3336 527 3380 in
543 3332 685 3398 antediem]
719 3335 810 3381 Vocula
828 3336 854 3380 in
885 3335 949 3381 illiue
960 3336 1103 3396 cupiditatis.
1117 3349 1185 3395 quam
1204 3338 1228 3382 in
1246 3336 1343 3382 consule
1360 3349 1403 3382 nu·

341 3399 409 3446 abest
437 3413 453 3445 a
478 3400 647 3446 vetustioribus
680 3399 757 3446 editio.
794 3401 853 3446 Eam
885 3400 947 3446 tavit
966 3401 1054 3448 Livius.
1085 3401 1121 3447 Ex
1141 3409 1193 3448 tote
1214 3403 1277 3447 enim
1296 3400 1403 3460 superio·

341 3465 448 3524 quitquie
468 3466 581 3525 reposuit,
593 3479 647 3514 non
667 3463 718 3511 siue
733 3478 803 3511 causa
819 3465 852 3511 le·
886 3479 938 3510 rum
957 3471 1089 3524 temporum
1111 3467 1210 3512 historia
1227 3463 1306 3526 colligi
1323 3469 1405 3524 potest

342 3531 385 3577 eit.
409 3541 411 3546 ·
886 3531 994 3576 eooruler
1012 3545 1061 3577 non
1075 3541 1131 3577 ante
1146 3531 1403 3592 paludamebtniuur-

374 3600 403 3645 71
422 3589 800 3656 Irjumdr'ueupidurpronineioe]
811 3594 856 3640 Or·
889 3595 918 3640 be
929 3596 1065 3656 cumprime,
1076 3610 1144 3656 quum
1157 3597 1186 3642 ad
1198 3597 1284 3642 Bellum
1296 3595 1403 3653 proticis-

342 3660 372 3706 du
384 3663 409 3706 et
424 3664 543 3706 structura
553 3661 676 3707 verborum
689 3659 789 3705 declarat
807 3659 856 3705 boo
889 3665 1005 3706 cerentur.
1038 3661 1073 3708 At
1087 3662 1126 3707 hic
1140 3659 1262 3721 eliquanto
1273 3665 1403 3720 antequam

341 3725 442 3779 intelligi
459 3725 487 3771 de
498 3725 592 3771 Valerio
609 3725 718 3774 morule:
737 3724 799 3782 quod
816 3725 854 3770 iti·
887 3731 954 3771 exeat
971 3726 996 3771 in
1019 3726 1172 3786 provinciam,
1191 3727 1329 3786 paludatum
1351 3739 1404 3772 sete

340 3791 392 3836 dem
406 3789 603 3850 probantesque
613 3795 758 3849 sequuntur:
777 3789 855 3836 melem
887 3796 1001 3848 ostentet,
1013 3792 1137 3851 paludatus
1152 3792 1218 3838 rudit
1229 3792 1330 3844 litterae,
1343 3803 1403 3850 quet

340 3859 364 3901 el
385 3855 414 3911 Q.
434 3854 547 3901 Petillius
564 3856 645 3901 consul
663 3855 696 3900 ad
717 3854 853 3913 conuenire
885 3856 996 3902 nimirum
1008 3858 1045 3902 vel
1060 3858 1086 3902 in
1101 3857 1224 3912 concione,
1237 3857 1273 3902 vel
1290 3856 1316 3902 iu
1334 3870 1404 3902 seue·

275 3976 281 3980 ,
340 3921 397 3966 dum
408 3919 722 3966 anomidtmedteerat.
750 3923 854 3978 Atque·
885 3925 913 3966 tn
935 3921 1026 3967 recitari
1046 3922 1158 3980 jusserat.
1190 3922 1250 3968 Hac
1269 3921 1352 3967 omnia
1373 3935 1402 3968 eo

339 3985 410 4032 modo
433 3986 539 4032 novellus
563 3985 603 4031 ille
624 3984 717 4039 consul,
739 3988 794 4030 ante
816 3984 852 4031 bi·
885 3987 1031 4045 spectabaot,
1050 3994 1078 4033 ut
1094 4001 1141 4033 rem
1161 3988 1187 4033 iu
1203 3987 1279 4046 majus
1294 3991 1403 4047 augent,

339 4052 412 4096 duum
429 4056 530 4106 creatur,
547 4055 626 4108 potent
642 4050 687 4095 diei
702 4049 793 4107 Iamdiu
812 4065 855 4096 cu·
887 4065 923 4108 ao,
940 4053 1135 4111 quemadmodum
1150 4053 1176 4098 in
1193 4051 1299 4099 tumultu
1318 4052 1403 4098 cirita-

339 4106 409 4174 pidus
425 4114 570 4174 provinciae?
603 4115 655 4162 Nini
668 4116 687 4161 si
700 4115 769 4172 forte,
780 4128 853 4174 quum
886 4121 934 4162 tem
954 4131 1010 4178 sega
1030 4131 1123 4163 tumere
1142 4131 1194 4164 moe
1215 4124 1275 4172 erat,
1295 4116 1330 4162 sie
1349 4117 1402 4176 ipae

338 4193 367 4226 eo
379 4180 431 4226 loco
444 4187 514 4226 untur
525 4186 643 4238 eructem
656 4181 757 4226 honoret
768 4182 853 4240 genis-
886 4183 968 4228 consul
984 4195 1056 4241 quum
1069 4180 1195 4243 paludatus
1211 4183 1236 4227 in
1253 4181 1311 4228 urbe
1323 4196 1400 4229 verae

339 4250 384 4295 set.
396 4251 424 4290 ut
435 4245 480 4291 eibi
491 4253 571 4306 posset
581 4259 655 4305 prope
671 4251 735 4291 certa
745 4258 786 4304 spe
797 4259 855 4292 oon·
886 4251 960 4304 retur,
988 4247 1145 4308 impendentis
1172 4247 1272 4306 alieuius
1301 4247 1399 4307 periculi

338 4311 441 4356 sulatum
454 4311 604 4370 despondere,
616 4311 791 4370 significaverat
802 4311 852 4368 lam
885 4313 984 4372 speciem
996 4312 1112 4374 ingereret
1123 4313 1216 4360 animis.

338 4379 465 4433 antequam
488 4377 572 4422 consul
597 4375 671 4433 fieret,
692 4390 719 4421 se
740 4376 851 4434 cupidum
