3042 4980
481 177 824 260 remunero.
1136 185 1202 266 nu
1323 151 1332 160 ’

114 373 282 460 tribunus
304 378 425 480 plebis
442 379 563 460 urbm
580 381 623 456 iu
636 389 808 456 aemam
828 383 1012 460 eonditum
1027 396 1063 490 et
1077 387 1118 460 r'rr
1131 388 1202 464 im-

112 525 268 576 nereum
290 508 500 576 meremini·
520 494 658 590 jactat.
709 492 787 571 Ubi
811 496 895 596 quis
912 521 989 575 non
1009 499 1110 575 videt
1135 501 1203 576 ob·
1235 559 1237 564 ,

114 621 302 688 versutum
319 605 404 686 es'se
421 607 615 686 scribentis
631 610 757 686 auimo
774 613 978 709 superbum
1000 613 1104 690 illum
1124 613 1203 691 Ro·
1315 609 1316 614 ’

115 752 180 802 mre
207 751 334 800 rerum
353 723 515 801 domine
540 723 792 824 splendorem,
809 736 848 800 et
872 728 922 802 ad
947 729 1107 806 obseura
1125 728 1204 805 Ro»

114 867 181 918 mae
193 841 389 918 nascentis
403 841 508 918 initia
525 839 708 917 audacius
720 863 836 940 quem
849 842 973 920 verius
983 869 1067 921 esse
1083 856 1203 922 trms-
1323 881 1329 894 ¹

114 958 255 1036 latum?

19 1135 20 1176 p
159 1073 240 1150 Sed
258 1083 298 1148 et
313 1063 481 1149 hostibus
496 1095 648 1172 quoque
663 1069 794 1171 populi
813 1071 977 1148 Romani
993 1071 1122 1150 Livius
1139 1097 1205 1151 eos

19 1183 20 1208 ³
115 1187 362 1266 venerationis
378 1188 417 1264 in
433 1213 518 1264 eum
540 1185 874 1286 admirationisque
898 1211 1034 1264 sensus
1051 1190 1203 1288 affingit,

19 1327 20 1376 i
114 1305 250 1406 quibus
263 1305 344 1404 ipse
354 1303 518 1380 imbutus
531 1313 622 1378 eret.
658 1301 826 1378 Annibal
840 1301 903 1378 iile
922 1303 1085 1378 Romam
1103 1303 1204 1404 apud

114 1429 285 1496 nostrum
304 1428 416 1496 vocat
434 1419 547 1495 orbis
570 1431 748 1496 terrorem
764 1430 884 1518 eaput,
902 1443 1017 1518 quum
1037 1420 1357 1497 noudumnxxr.e.

115 1546 190 1612 tota
218 1533 334 1610 ltalia
360 1535 472 1632 plane
491 1533 627 1630 jugum
657 1531 876 1634 accepisset,
901 1555 973 1609 nee
998 1509 1253 1634 quidquamm'

114 1661 218 1728 extra
243 1673 329 1726 enm
349 1646 516 1723 Romani
540 1655 720 1735 tenerent,
744 1658 878 1744 preter
897 1647 1036 1726 Siciiiae
1061 1661 1207 1750 partem

114 1779 149 1843 et
174 1763 413 1853 Sardiniem3
439 1780 555 1862 quum
582 1770 698 1837 staret
723 1761 926 1860 Carthago,
954 1773 1068 1864 atque
1092 1765 1207 1842 etiam

116 1880 315 1982 Hispaniae
339 1879 520 1976 majorem
548 1886 692 1976 purtem
718 1875 877 1976 imperio
902 1879 1205 1978 amplecteretur.

116 1999 264 2074 Rursus
279 1995 392 2083 idem,
409 1994 502 2068 dum
520 1991 656 2069 milites
672 1992 723 2067 ad
740 1991 837 2068 bene
858 1996 1105 2092 pugnandum
1123 1997 1343 2076 hor-mm

112 2123 226 2207 tatur,
235 2115 390 2212 dempto,
404 2108 696 2209 inquitdrooeeo
695 2109 851 2208 ‚fulgore
861 2112 1018 2186 nominis
1028 2111 1208 2187 Roumui.

114 2227 234 2315 Quasi
262 2251 349 2302 vero
367 2224 635 2322 Carthaginem
653 2224 789 2300 deber'e
807 2223 941 2300 Romae
958 2228 1080 2303 fasces
1106 2251 1207 2326 sum-

112 2344 262 2420 mittere
277 2341 378 2418 uitro
401 2340 616 2437 agnovisset
633 2337 832 2412 acerrimus
849 2339 914 2414 ille
933 2341 1087 2418 Punice
1103 2368 1208 2440 mag·

19 2447 20 2454 ¹
115 2457 293 2534 nitudinis
310 2455 465 2544 vindex,
481 2465 520 2531 et
537 2453 719 2530 Romanae
745 2477 840 2552 pene
858 2478 1017 2551 eversor,
1035 2467 1100 2532 aut
1116 2467 1208 2558 tunc

113 2572 293 2672 temporis
310 2571 434 2647 minus
444 2570 591 2646 Punico
607 2567 928 2670 nominisulgmir
938 2587 1051 2672 quam
1066 2571 1209 2650 Roma·
1316 2647 1319 2652 .

113 2713 163 2764 no
179 2681 438 2764 circumdari.'
571 2711 572 2716 ¹

163 2801 276 2878 Idem
291 2800 453 2900 impetus
464 2797 568 2875 nimii
581 2797 717 2877 umoris
732 2799 771 2875 in
788 2799 945 2898 patriam
960 2801 1105 2878 Livium
1123 2803 1207 2880 ebs-
1216 2827 1288 2904 nuo
1300 2828 1353 2876 nu-

114 2919 211 3010 tulit,
235 2939 354 3018 quum
377 2938 455 2999 non
480 2913 663 2992 dubitavit
687 2917 870 3014 affirmare
897 2916 1092 2994 Romanos
1116 2888 1370 3006 mffi'b

113 3061 222 3136 quom
230 3033 404 3132 obequita
412 3033 710 3132 hademutam
719 3060 743 3108 a
746 3035 881 3133 pedite,
892 3057 1072 3134 numm
1081 3021 1318 3136 apertam·

112 3149 391 3228 aeieiodororse.
408 3147 472 3222 De
480 3146 652 3246 peditatu
662 3145 829 3224 silemus.
846 3146 1211 3251 Atnonneadequite

113 3267 217 3342 horte
232 3262 497 3340 laboraverunt
513 3259 691 3350 Romani,
704 3287 820 3362 quum
839 3263 1021 3340 adversus
1037 3264 1208 3341 Anniba·

112 3380 187 3457 lem
200 3378 348 3454 beilum·
352 3387 532 3478 gererent,
545 3400 660 3476 quem
674 3377 842 3476 equitatu
856 3377 968 3474 longe
981 3380 1209 3478 superiorem

113 3495 232 3572 fuisse
248 3503 288 3569 et
304 3491 387 3592 ipse
405 3491 532 3570 Livius
549 3493 689 3593 passim
706 3495 851 3584 fatetur,
870 3505 908 3569 et
929 3494 1209 3594 prudentissimi
1217 3525 1293 3575 xxi.
1303 3524 1344 3574 u.

115 3608 379 3688 Romanorum
397 3608 518 3684 duces
533 3631 695 3704 sensere,
713 3617 827 3708 atque
843 3609 894 3687 ob
912 3609 952 3684 id
980 3633 1210 3709 magnopere
1217 3589 1372 3704 ξω

116 3749 252 3822 cerere
268 3747 320 3799 ne
340 3721 380 3798 in
396 3721 539 3821 campis
563 3722 777 3821 petentibus
803 3724 851 3800 ab
875 3747 929 3800 eo·
949 3723 1208 3823 deprehende·

115 3841 270 3916 rentur?
305 3835 449 3914 Nonne
463 3852 591 3938 operto
614 3842 693 3916 orie
716 3838 990 3928 laboraverunt,
1015 3863 1132 3938 quum
1157 3840 1209 3916 ad

117 3953 271 4031 Cannas
288 3952 338 4029 ab
356 3954 494 4030 eodem
510 3953 701 4030 Annibale
717 3978 834 4054 prope
847 3953 897 4028 ad
914 3952 1210 4032 internecionem

117 4071 216 4158 cesi,
232 4091 354 4171 quum
370 4069 421 4142 ad
437 4055 579 4145 Alliam
597 4069 645 4144 ab
663 4069 783 4146 Gallis
800 4068 873 4145 fusi
889 4069 1001 4144 sunt?

165 4185 243 4268 Sed
260 4179 347 4263 hac
365 4180 519 4284 quidem
535 4195 740 4284 utcumque
757 4184 966 4264 condonari
981 4195 1153 4290 possunt,
1169 4183 1210 4265 iu
