3042 4980
292 195 388 278 lxxx
653 125 1019 280 vamvnrr:o.'

293 390 546 472 cumulantur.
571 373 701 465 ‘Unde
717 389 765 474 fit
776 396 818 464 ut
834 395 1017 488 corrupta
1032 386 1395 466 omninodelorma-

292 521 406 606 taque
424 495 655 605 exemplaria
670 503 711 580 in
737 528 872 584 manus
890 505 1087 603 bominum
1113 503 1277 584 veniant.
1329 503 1397 580 Sic

292 649 379 724 quae
406 631 614 698 occurrunt
631 623 669 696 in
695 620 942 714 Gronoviaua
967 620 1134 698 editione
1159 620 1315 708 menda,
1331 643 1397 698 eae

294 741 381 815 dem
401 737 479 813 fere
494 760 677 812 novorum
699 738 953 836 quorumdam
971 735 1192 814 accessione
1216 749 1330 812 aucta
1354 735 1398 812 in
1504 759 1507 764 ’

292 851 453 949 Dujatii,
479 851 519 928 in
544 851 777 940 Tillemonii,
804 851 844 927 in
871 851 1010 928 Clerici
1037 851 1267 952 editionibus
1290 850 1398 927 exht

293 968 441 1046 bantur.
503 967 593 1044 Hoc
618 962 668 1042 n‘e
700 966 812 1044 nobis
834 979 991 1068 'quoque
1016 993 1087 1044 usu
1114 967 1270 1054 veniret,
1298 965 1397 1042 anti-

292 1084 444 1184 quiores
455 1084 699 1160 Gronoviana
710 1084 897 1160 editiones
908 1085 1021 1161 nobis
1039 1083 1297 1184 consulendas
1308 1105 1398 1157 esse

293 1195 601 1289 existimavimus,
621 1199 769 1276 felicius
796 1201 923 1277 adhuc
948 1203 1112 1278 fortasse.
1134 1196 1396 1296 rem'gesturi,

293 1317 324 1393 si
344 1318 472 1416 plures
490 1316 661 1392 nancisci
680 1331 719 1408 et
736 1318 953 1416 expendere
970 1317 1147 1392 licuisset.

306 1495 310 1504 .
345 1434 417 1509 His
436 1434 547 1532 igitur
563 1433 735 1510 instructi
747 1434 933 1532 praesidiis
950 1434 999 1508 ad
1019 1432 1167 1519 [uvivum
1181 1429 1397 1508 accuratius

293 1551 574 1626 emendandum
593 1573 662 1626 nos
681 1550 928 1650 accinximus,
948 1573 1027 1625 non
1054 1559 1096 1624 ut
1120 1559 1309 1622 certamen
1321 1569 1397 1622 ao-

197 1653 201 1659 ’
292 1667 353 1742 bis
370 1668 548 1743 adversus
566 1666 797 1742 Gronovium
821 1691 938 1766 prava
962 1663 1202 1742 emulatione
1227 1687 1395 1738 sumere-

293 1806 391 1871 mus,
407 1783 521 1877 ·cujus
540 1781 646 1881 sequi
665 1781 824 1880 vestigia
847 1782 952 1858 laudi
979 1779 1168 1868 ducimus
1187 1803 1303 1876 quem
1329 1803 1398 1876 pa-

197 1965 198 1972 ,
254 1881 258 1892 f
293 1899 370 1973 lam
389 1901 605 1997 profitemur
629 1899 771 1998 ubique
797 1900 873 1976 fere
898 1898 1005 1973 nobis
1032 1899 1172 1972 ducem
1196 1919 1242 1970 ac
1269 1896 1399 1970 lacem

291 2015 420 2091 luisse.
473 2015 550 2090 Sed
574 2015 606 2090 si
630 2041 716 2116 quae
741 2017 807 2092 ille
833 2027 899 2091 aut
923 2023 1086 2090 tentarat
1110 2010 1308 2098 audacius,
1329 2021 1397 2084 aut

109 2131 113 2141 '
167 2159 169 2164 ’
293 2141 427 2208 contra
451 2155 519 2228 per
543 2131 696 2206 nimiam
730 2133 947 2212 cautionem
981 2130 1153 2205 incurata
1177 2126 1397 2224 reliquerat,

202 2317 209 2330 ,
294 2273 411 2347 quum
430 2257 532 2324 certa
550 2248 583 2324 ei
600 2260 639 2326 et
663 2231 878 2341 indubitata
894 2246 1067 2322 remedia
1091 2244 1174 2320 libri
1193 2245 1397 2334 offensum

292 2352 420 2462 si‘qua
436 2364 600 2464 denique
617 2389 715 2453 eum,
727 2377 767 2440 ut
780 2363 973 2440 hominem
993 2359 1188 2460 multiplici
1205 2359 1396 2434 variarum

292 2503 416 2554 rerum
433 2479 665 2576 cogitatione
692 2479 915 2567 districtum,
935 2479 1158 2574 effugerant,
1177 2501 1224 2551 ea
1248 2473 1302 2552 ita
1326 2501 1397 2550 ex-

291 2594 395 2692 plere
413 2604 451 2670 et
462 2614 662 2691 persanare
675 2596 806 2671 conati
823 2620 966 2682 sumus,
984 2605 1024 2668 ut
1033 2591 1279 2668 ‚confidamus
1291 2591 1398 2668 bunc

291 2709 556 2808 qucm'lectori
569 2709 754 2785 tradimus
765 2708 865 2786 Livii
882 2718 1028 2784 textum
1042 2708 1125 2808 ipso
1147 2706 1396 2784 Gronoviano

292 2825 591 2901 emendatiorem
618 2853 663 2902 ac
680 2827 960 2904 defecationem
978 2827 1068 2901 fore.
1121 2823 1243 2920 Cujus
1266 2835 1398 2908 tamen

293 2940 417 3016 laudis
435 2964 575 3039 magna
592 2969 678 3044 pars
697 2945 746 3019 ad
764 2943 1000 3020 Gronovium
1013 2941 1123 3029 redit,
1143 2966 1261 3040 quum
1278 2942 1329 3016 ad
1346 2967 1396 3016 ea

291 3081 378 3155 quae
395 3058 638 3150 correximus,
655 3087 734 3138 non
751 3063 817 3138 illa
834 3073 980 3137 tanturn
1006 3057 1289 3134 adhibuerimus
1306 3082 1395 3157 quae
1496 3141 1498 3146 ,
1515 3141 1516 3146 ,

290 3171 401 3247 nobis
418 3173 644 3271 parabamus
661 3177 746 3276 ipsi,
765 3180 832 3254 sed
852 3165 890 3253 et
906 3176 1048 3276 optima
1065 3189 1104 3250 et
1115 3173 1291 3272 ¹plurima
1306 3197 1396 3270 quae

291 3283 600 3366 subministrabat
615 3293 680 3368 ille
699 3296 943 3370 documenta.
1515 3279 1516 3288 ἵ

342 3401 445 3478 Hinc
464 3420 622 3506 apparet
635 3410 866 3486 facilenobis
877 3411 1043 3484 futurum
1060 3406 1178 3482 fuisse
1196 3405 1395 3482 cumulare
1515 3445 1516 3452 κ

289 3519 455 3596 inmotas
469 3523 687 3602 variantium
706 3527 912 3602 lectionum
926 3523 1086 3620 sylvam,
1106 3523 1397 3598 etvdiversorum
1515 3541 1516 3576 ³

291 3634 409 3713 MSS.
426 3649 464 3714 ct
483 3639 672 3716 editorum
690 3643 858 3719 nomina.
901 3640 1032 3738 Atque
1045 3638 1085 3714 id
1099 3639 1259 3712 fortasse
1274 3637 1403 3734 magis·
1515 3647 1516 3684 ³

290 3749 365 3826 illis
383 3752 601 3850 placuisset,
621 3759 757 3856 quibus
782 3754 1086 3843 reconditiorem,
1104 3754 1181 3830 imo
1207 3753 1395 3828 horridio-
1515 3747 1516 3820 ῗ

290 3890 370 3942 rem
388 3867 605 3946 doctrinam
626 3873 860 3968 jactantibus
877 3870 982 3946 nulla
997 3881 1055 3946 est
1079 3868 1306 3945 amaenitatis
1324 3867 1395 3943 mi·
1515 3881 1516 3934 i

290 4005 349 4059 ca.
401 3981 441 4058 N
443 4007 493 4058 ou
510 3986 572 4062 lric
590 4013 635 4062 ea
652 3988 890 4064 inculcamus
909 4012 994 4086 quae
1007 3985 1087 4081 jam
1106 4009 1220 4084 super
1228 3985 1294 4060 illo
1312 3985 1398 4084 ple·¹

288 4097 413 4197 risque
430 4102 635 4199 legentium
661 4104 890 4203 permolesto
919 4127 1022 4178 more
1048 4099 1310 4190 disseruimus,
1328 4102 1394 4177 ubi
1515 4157 1516 4174 ,

290 4214 340 4289 de
365 4227 537 4299 notarum
566 4218 847 4296 concinnatoris
880 4220 1005 4296 officio
1033 4218 1250 4314 agebamus.
1303 4217 1395 4294 Hoc
