3056 4976
302 216 340 276 eii
695 211 1003 272 DlSPU'l'ATIO

301 397 471 444 aureorum
481 378 602 442 mantio
611 377 643 440 in
654 378 843 462 scriptorum
856 375 1076 442 Romanorum
1085 373 1174 440 libris
1183 375 1334 456 emunit,
1343 393 1399 438 aas
1415 455 1418 462 y

303 465 461 530 existimat
476 463 657 529 Gronovius
670 466 855 552 peregrinos
870 485 951 544 esse,
965 475 998 530 et
1014 461 1143 528 aliunde
1156 463 1313 540 advectos,
1333 480 1401 524 neu

305 552 420 616 Romae
435 571 611 635 percussos.

142 651 234 698 nunu·
250 649 295 696 Aa·
348 639 476 702 Aureus
488 637 612 702 Atticus
621 635 725 701 minor
738 634 1144 714 Romanosuit‚etduamm
1154 630 1400 700 uetundmela

145 717 206 767 ¹³⁶⁰⁸
217 716 275 761 ‘¹⁰³‘
307 745 428 788 marum
442 723 569 808 pondus
590 724 747 810 aequabat.
793 723 861 788 Hie
875 723 1049 786 vocabatur
1062 721 1246 806 simpliciter
1257 725 1398 808 χςυωῦς.

142 781 288 892 ffiffl'
307 811 410 875 Fuere
421 823 452 873 et
467 809 661 875 drachmales
675 811 773 890 aurei,
789 809 843 896 qui
858 809 1009 896 ἡμίχςυσοι
1025 807 1283 872 nominabantur.
1321 813 1329 824 '

144 927 295 986 Comparari„
349 896 488 985 Cognito
503 898 702 983 antiquorum
715 917 919 965 nummorum
933 895 1084 980 pendere,
1100 907 1256 959 eteorum
1273 895 1401 956 interae

142 985 435 1059 anti¹1¹¹⁰¹¹¹¹¹1rtrtione‚
453 1005 538 1048 nune
552 1005 606 1047 eos
622 1005 700 1072 *cum
722 985 839 1048 nostris
856 1003 1039 1066 comparare
1052 1003 1132 1065 opus
1148 994 1205 1046 est.
1251 979 1304 1056 Et,
1319 999 1401 1064 quo-

144 1071 294 1135 ¹¹⁰me
305 1071 388 1134 niem
404 1091 462 1133 nos
478 1070 640 1154 pecuniam
658 1092 721 1133 nou
737 1069 959 1154 appendimus,
974 1068 1028 1133 sed
1049 1088 1303 1139 annumeramus,
1319 1077 1352 1128 et
1366 1062 1400 1134 iu

141 1128 487 1243 cumn‘'⁵tf'*quotidiana
504 1178 705 1220 nummorum
721 1156 917 1232 tractatione,
934 1177 1001 1218 nun
1022 1155 1135 1228 taureis
1150 1166 1205 1218 aut
1219 1152 1320 1218 unciis
1334 1171 1399 1226 ees,

303 1245 357 1308 sed
367 1242 480 1308 libellis
491 1255 522 1306 et
533 1242 639 1307 solidis
651 1229 892 1307 Turoneirsibus
902 1241 1104 1320 mstimamus,
1114 1240 1146 1312 id
1159 1237 1264 1324 prime
1272 1235 1401 1302 consul„

302 1331 420 1398 tissime
442 1328 627 1397 videbamur
646 1328 768 1406 facturi,
792 1329 818 1393 ai
841 1341 960 1393 veteres
981 1349 1130 1392 nummos
1154 1325 1197 1391 ad
1217 1325 1399 1396 libellorum

303 1416 540 1500 solidorumque
552 1416 789 1480 Turonensium
803 1436 948 1479 normam
963 1414 1174 1502 exigeremus.

143 1521 238 1566 euno·
247 1533 296 1566 non
348 1502 412 1568 Sed
427 1501 468 1566 ab
488 1500 543 1565 illo
564 1523 623 1565 nos
644 1502 776 1566 consilio
798 1500 915 1586 duplex
936 1501 1090 1566 deterruit
1110 1497 1299 1564 difficultas:
1321 1519 1398 1574 oua,

143 1585 272 1662 Ψῑῑωὲῑθ·
329 1589 390 1652 uod
402 1587 578 1672 saepeapud
588 1609 644 1652 nos
653 1589 697 1652 ita
701 1590 1007 1672 jactaturnummus,
1018 1599 1082 1652 tam
1092 1586 1178 1650 varis
1188 1585 1400 1650 aestimatione

142 1663 264 1761 ἷζζζῇζξὲῑ
303 1611 459 1740 ductuare
468 1673 610 1758 jubetur,
622 1687 658 1739 ut
671 1673 748 1741 nihil
759 1675 799 1739 de
809 1696 848 1737 eo
862 1673 941 1756 certi
956 1673 1051 1738 statui
1066 1685 1171 1760 quest,
1183 1684 1240 1744 aut
1250 1669 1337 1756 quod
1347 1669 1399 1733 vel

144 1780 224 1826 norrun
235 1780 284 1826 ru·
304 1761 338 1824 in
352 1783 452 1826 unum
465 1760 597 1826 fortasse
610 1783 730 1825 annum
746 1761 818 1826 usui
832 1782 901 1825 esse
914 1760 1028 1846 possit:
1051 1760 1161 1836 altera,
1176 1757 1266 1845 quod
1279 1779 1321 1822 err
1334 1779 1401 1844 quo
1426 1786 1432 1795 ·

143 1847 292 1898 mmm·-
304 1869 355 1912 rea
363 1847 541 1912 nummaria
549 1847 636 1932 apud
647 1870 708 1912 nos
718 1871 759 1911 ex
770 1848 923 1912 diuturna
931 1846 1103 1933 agitatione
1114 1845 1310 1932 aliquatenus
1320 1864 1399 1908 eon·

304 1935 394 2014 stitit,
404 1955 474 1999 eam
486 1933 645 2019 sequimur
655 1934 742 1998 Galli
752 1932 1400 2020 marcarumaureoeetsrgenteaeaaeima-

304 2024 434 2097 tionem,
450 2020 671 2106 quaemultum
683 2021 838 2104 discrepet
849 2021 889 2084 ab
900 2043 938 2084 eo
949 2019 1036 2106 quod
1051 2041 1161 2084 rerum
1177 2031 1207 2083 et
1221 2018 1411 2109 genuinam!

303 2107 389 2190 opud
399 2107 563 2192 plerasque
576 2105 716 2191 Europae
728 2120 836 2192 gentes
845 2106 915 2171 auri
924 2121 956 2171 et
966 2107 1087 2193 argenti
1097 2105 1234 2192 pretium
1247 2104 1400 2170 babetur:

304 2193 385 2268 adeo
401 2207 435 2258 ut
447 2215 563 2256 nemen
578 2192 657 2257 illud
677 2192 854 2258 libellulum
870 2192 1108 2257 Turonensium
1123 2191 1202 2258 falsa
1217 2189 1402 2256 blandiatur

304 2281 407 2366 specie
421 2279 589 2355 claritatis3
611 2300 647 2344 re
661 2280 788 2366 quidem
806 2301 879 2344 uera
893 2301 1032 2344 errorem
1048 2280 1152 2364 potius
1166 2279 1207 2342 ait
1222 2278 1401 2342 obscurita-

142 2389 235 2447 Amum
305 2367 630 2460 temqnepariturum.
664 2366 767 2431 Nobis
778 2387 855 2458 ergo
866 2365 907 2430 ad
918 2366 1060 2451 pondera
1071 2363 1316 2452 confugiendum
1327 2362 1401 2442 fuit,

142 2460 278 2524 ”tenten-
306 2475 378 2540 quoe
390 2468 422 2517 st
433 2454 563 2517 minime
572 2453 706 2531 variant,
717 2475 777 2518 nee
788 2452 961 2539 quidquam
973 2452 1091 2518 habent
1102 2451 1252 2538 ambigui.
1285 2450 1402 2537 Itaque

143 2521 454 2640 {ffiss‘ff'iecimum
478 2554 519 2618 et,
536 2561 735 2627 quaeeunque
756 2541 825 2604 auri
846 2541 1017 2626 argentive,
1033 2539 1097 2607 sire
1116 2538 1190 2603 tacti
1204 2552 1261 2602 aut
1275 2535 1400 2614 infecti,

143 2651 278 2708 elatensium
306 2627 371 2690 aive
384 2626 501 2716 signati
514 2647 636 2690 summa
657 2627 690 2688 in
711 2626 805 2690 Livio
819 2627 969 2706 occurrit,
983 2649 1052 2692 eam
1067 2625 1183 2690 murcia
1196 2646 1251 2689 seu
1265 2623 1401 2702 selibris,

144 2717 261 2792 rationem
307 2713 419 2789 unciis,
435 2725 495 2777 ete.
521 2711 746 2777 Parisiansibus
768 2713 992 2778 aestimavimus
1014 2712 1055 2777 ad
1070 2734 1140 2778 eam
1154 2711 1310 2776 rationem
1325 2733 1402 2796 quse

144 2796 270 2838 mmm·
307 2799 405 2883 dupra
418 2798 631 2862 demonstrata
647 2810 703 2864 ert.
1339 2801 1341 2806 ’

90 2941 94 2946 .
144 2911 186 2956 AE.
199 2912 298 2960 noaret
352 2883 416 2950 Sed
427 2884 460 2946 in
473 2905 536 2948 aere
547 2883 609 2947 alia
620 2884 711 2949 nobis
727 2883 866 2949 ineunda
877 2886 961 2950 ratio
972 2899 1047 2964 erat,
1059 2907 1100 2950 ne
1110 2885 1143 2956 in
1155 2883 1300 2949 eumdem
1311 2905 1401 2948 erro-

145 2975 269 3052 bulloni-
307 2993 375 3034 rem
385 2969 628 3046 incurreremus,
639 2970 1027 3058 quiDujatiofraudifuit.
1051 2970 1402 3055 Quumenimaesapud

85 3137 87 3142 Ι
144 3055 244 3153 ΜΓ
308 3056 473 3148 Romanos
483 3055 577 3142 longe
589 3057 682 3121 vilius
693 3071 774 3122 esset
784 3081 879 3145 quam
889 3059 974 3144 apud
987 3081 1055 3139 nos,
1065 3072 1101 3124 ut
1110 3058 1401 3143 patetexeoquod,

143 3120 192 3169 ¹²⁰⁰
209 3121 254 3166 ‘'r“
306 3141 363 3208 ubi
375 3141 513 3226 primum
529 3155 655 3207 moneta
667 3165 708 3208 ex
722 3146 938 3232 argentacudi
950 3159 1056 3234 eospta
1065 3146 1178 3221 est‚sin
1204 3143 1266 3208 ulae
1276 3144 1402 3231 argenti

130 3301 131 3308 ἵ
306 3229 398 3293 librae
413 3227 555 3292 millenas
569 3229 641 3294 reris
662 3229 758 3295 libras
775 3232 881 3316 pretio
893 3247 1066 3318 aequarent,
1082 3255 1164 3296 asses
1180 3168 1401 3296 itomanam

189 3361 192 3369 -
306 3313 433 3380 librales
448 3314 481 3377 iu
495 3314 593 3379 librae
607 3317 680 3380 aeris
694 3331 847 3382 nostrates
861 3321 989 3396 redacti,
1002 3318 1088 3404 quod
1103 3342 1123 3382 a
1133 3315 1269 3406 Dujatio
1280 3315 1402 3382 fictum

306 3414 364 3480 est,
378 3399 483 3467 fallaci
498 3402 589 3466 nobis
610 3403 714 3488 specie
734 3400 1143 3490 divitiammimpouerent,
1158 3419 1191 3470 et
1206 3403 1403 3468 haberentur

307 3513 327 3554 a
340 3489 433 3553 uobis
447 3490 616 3574 prolonga
630 3491 750 3575 majore
764 3512 897 3568 summa,
913 3513 1008 3579 quam
1024 3492 1136 3579 quanti
1150 3514 1169 3556 a
1185 3489 1340 3556 Romanis
1354 3489 1402 3554 illi

146 3593 190 3639 Seu
202 3593 284 3640 haurn
308 3575 514 3642 taxabantur.
552 3576 664 3661 ltaque
674 3577 854 3664 faciendum
866 3579 965 3642 visum
981 3591 1038 3656 est,
1051 3590 1086 3643 ut
1101 3600 1145 3643 aes
1159 3599 1226 3642 non
1240 3578 1274 3641 ia
1289 3597 1333 3654 se,
1345 3575 1402 3642 aed

145 3659 235 3734 {¹⁸⁶⁰st
246 3674 282 3706 η·
307 3661 417 3727 habita
430 3662 554 3749 argenti
568 3663 691 3726 ratione
706 3657 934 3730 aestiriraremus
942 3688 951 3741 ;
974 3679 1016 3743 et,
1032 3665 1117 3754 qued
1133 3664 1163 3730 ei
1176 3665 1217 3728 a‘d
1232 3676 1402 3752 argeutum

145 3731 218 3771 ‘'⁰¹¹‘'
307 3749 424 3816 collato
432 3749 569 3834 pretium
583 3748 722 3813 Romani
732 3763 918 3828 statuerant,
931 3751 963 3816 id
975 3751 1010 3814 in
1020 3751 1146 3830 mareis,
1155 3751 1267 3828 unciis,
1279 3763 1339 3815 ete.
1351 3771 1403 3815 ur·

299 3837 396 3923 'genti
412 3833 640 3900 Parisiensibus
655 3835 870 3903 redderemus.

352 3923 420 3988 Hie
433 3943 540 4007 operae
554 3920 689 4005 pretium
705 3946 773 3988 esse
786 3923 931 3989 ducimur
945 3924 1085 3998 tabulam
1100 3924 1252 3989 exhibere
1266 3923 1404 3992 indicens

216 4051 220 4058 ‚
307 4011 485 4094 ponderum
507 4028 775 4110 nummorumque
800 4011 937 4078 maxime
961 4011 1149 4078 usitatorum
1174 4012 1259 4096 apud
1281 4023 1403 4076 veteres

309 4117 381 4160 eum
396 4094 592 4180 ponderibus
605 4097 800 4161 nostratrbus
813 4097 1010 4164 collatorum.
1057 4099 1160 4164 Fuere
1174 4120 1254 4188 erge
1264 4097 1358 4164 nobis

146 4206 268 4253 roricum
354 4181 454 4246 Libra
470 4182 616 4246 Romans
631 4194 663 4245 et
676 4183 763 4248 mina
774 4186 893 4263 Attiou.
905 4186 1071 4251 uneisrum
1085 4185 1311 4259 Purisieueium
1328 4188 1401 4267 lfll.

144 4272 276 4332 ponderum
352 4268 459 4335 Uneia
475 4268 632 4362 Romana,
647 4291 822 4355 granomm
838 4281 911 4338 600.

145 4353 292 4467 ξιᾞζπ
351 4353 758 4432 Denariue,siadseveram
771 4358 1014 4425 aestimationem
1024 4358 1217 4444 exigeretur,
1228 4377 1402 4448 gwnilfflm
