3056 4976
480 221 483 228 .
534 191 804 256 PRAEFATIO.
884 223 887 231 ·
1141 185 1211 252 cniii
1239 257 1241 262 ¹

107 361 179 424 beat
186 356 319 444 judieii,
339 358 385 423 ibi
407 360 507 424 minan
522 359 710 443 intelligunt.
754 359 878 423 Horum
896 359 996 442 igitur
1016 346 1209 440 ἅερναυὶιιίο-

105 468 169 522 nes,
186 467 265 531 quos
286 454 377 510 touta
391 445 596 510 diuturnitate
614 445 760 528 ternporis
773 455 919 530 tantaque
935 444 1078 509 tortario
1095 465 1211 528 maesse

93 534 170 618 fuit
196 553 262 597 esse
290 532 539 617 quamplurinas,
564 533 667 596 multis
686 529 789 612 fretus
813 532 1032 614 exemplaribus
1060 527 1211 618 corrigere

106 640 288 706 aggressus,
297 619 379 704 feci,
400 621 483 704 quod
497 628 533 684 tu
540 617 667 702 jussisti
676 641 689 693 ,·
713 622 806 682 etiam
816 619 895 703 feei,
916 639 1007 703 quon
1020 619 1119 701 potui,
1134 618 1210 681 dili-

100 715 227 792 genter,
250 714 286 768 ut
304 705 374 770 baie
393 724 480 770 noaae
497 707 641 788 mumque
653 705 814 768 industria
832 706 1038 788 inpressorum
1054 704 1122 788 ipse
1135 725 1209 788 quo·

74 786 337 878 'quepronirili
358 791 540 856 assailiarer.
584 789 731 855 Deinde:
760 783 852 865 Quod
865 793 909 854 od
921 813 967 854 me
980 792 1121 868 attinuit,
1137 811 1209 855 nus·
1323 823 1326 834 ·

107 900 203 964 quom
217 879 356 942 curiosus
375 879 528 962 interpres
548 887 604 942 aut
618 878 777 954 divinator,
793 879 877 941 nibil
893 887 1006 959 prater
1020 897 1113 941 meum
1124 878 1211 942 labo-

106 987 173 1030 rma
195 975 228 1028 et
250 964 442 1050 diligentiam
462 962 577 1029 attuli:
600 985 668 1048 qua
687 965 805 1028 minam
826 973 917 1028 tanta
926 965 1043 1047 fiserit,
1059 973 1094 1027 ut
1114 965 1211 1028 libro·

106 1053 229 1118 morum
244 1053 389 1116 tollendis
410 1051 558 1115 moribus
572 1050 781 1136 satisfecerit!
803 1052 893 1115 Certe
912 1051 946 1114 in
967 1051 1098 1134 leocfisit
1112 1053 1211 1115 noei-

104 1161 167 1216 rna,
192 1146 230 1202 ut
252 1136 336 1202 Liuii
357 1137 543 1221 majestatem
565 1134 761 1224 affectatione
782 1135 903 1222 ingenii
924 1159 1070 1221 nmquam
1096 1139 1211 1201 minue-

105 1247 183 1289 rem.
212 1224 355 1289 Andreae
364 1223 450 1288 velut
463 1223 684 1308 prescriptum
696 1245 760 1288 una
771 1243 843 1287 cnm
856 1221 1041 1307 praefatione
1050 1244 1212 1307 expresse·

107 1322 187 1376 runt
197 1309 258 1396 (ita
273 1319 390 1385 tamen,
402 1321 437 1374 ut
450 1308 624 1374 identidem
637 1309 678 1373 ab
687 1332 725 1374 eo
737 1310 934 1392 recesserint)
948 1309 1209 1388 Mediolanensis,

105 1410 210 1464 artem
233 1407 266 1461 et
280 1395 438 1481 impensas
452 1394 584 1460 laudens
601 1395 685 1460 Phili
710 1397 743 1480 pi
759 1397 932 1479 Lavagniae
947 1417 1211 1462 mccccnxxvur:

108 1482 285 1549 Taruisine
298 1495 442 1569 utraque,
455 1480 593 1548 referens
608 1483 664 1546 bas
674 1419 808 1548 dicades
822 1507 841 1546 a
857 1484 947 1549 Luca
962 1484 1063 1548 Porro
1077 1480 1133 1548 dili
1157 1505 1211 1548 en·

107 1571 231 1635 tissime
258 1570 437 1646 recensitas,
461 1568 562 1652 praelo
587 1570 766 1654 suppositas
789 1568 884 1635 fuisse
904 1593 924 1634 a
944 1571 996 1635 lo.
1016 1507 1236 1636 Verceliiensi·

108 1676 363 1731 mccccnxxxm
387 1668 418 1720 et
432 1656 547 1720 iterum
563 1656 677 1742 quinto
690 1680 699 1732 ;
723 1679 795 1742 quae
810 1655 884 1720 duee
906 1661 980 1721 sunt
994 1657 1148 1722 editiones
1163 1657 1212 1722 di·

108 1765 209 1809 versae
218 1763 278 1828 per
289 1742 408 1821 omnis,
424 1763 502 1818 non,
515 1753 551 1807 ut
563 1763 648 1806 nunc
660 1743 818 1807 interdum
829 1742 976 1820 illudunt,
1012 1747 1127 1808 simum
1141 1765 1212 1809 mo·

110 1831 154 1896 do
167 1829 283 1895 folium
299 1850 372 1893 cum
387 1847 473 1893 anno
488 1827 607 1893 hebent
628 1843 806 1894 mutatum:
830 1829 967 1916 duaeque
982 1765 1125 1906 benere,
1138 1853 1211 1915 quae

107 1939 166 2003 per
190 1912 468 1981 Bartholomaeum
490 1914 532 1980 de
548 1915 643 1981 Zanis
658 1939 678 1980 a
701 1916 848 1980 Portesio
863 1929 988 1982 summa
1008 1916 1212 1984 industria'sc

109 2003 277 2068 conditam
293 2014 402 2067 cantat
416 2022 642 2081 mccccxcvm,
659 2018 690 2067 et
711 2025 783 2088 qun
798 2023 856 2087 per
878 2002 1055 2092 Georgium
1070 2005 1111 2069 de
1126 2005 1211 2070 Rus·

107 2090 246 2156 canibus
262 2087 537 2154 Mediolanensem
551 2109 631 2154 mni.
675 2089 752 2154 Non
767 2090 869 2154 multo
884 2091 994 2166 serior,
1012 2092 1038 2154 si
1053 2111 1118 2155 non
1130 2093 1212 2158 anti-

23 2201 25 2208 ·
109 2177 205 2265 quior
214 2175 422 2262 quibusdem,
436 2187 483 2241 est
494 2175 701 2254 Becbariane,
712 2174 822 2240 charta
832 2176 1061 2262 darantquet
1074 2179 1212 2263 primam

109 2287 147 2330 ea
162 2263 272 2328 forma
293 2273 490 2327 contractem
505 2261 589 2327 hanc
605 2285 735 2340 sceneca,
753 2284 813 2327 nec
834 2261 910 2337 vidi,
926 2263 986 2326 nisi
1006 2264 1093 2350 quod
1108 2263 1213 2330 babeo

108 2353 178 2438 ejus
193 2348 355 2435 specimen
378 2371 398 2414 a
413 2348 520 2414 Tabia
533 2349 672 2414 Andrese
690 2349 861 2430 donatum)
876 2349 1075 2414 dissimulato
1089 2349 1160 2414 loeo
1181 2364 1214 2416 et

107 2451 268 2522 tempore,
281 2457 378 2518 unam
388 2433 559 2521 praeferens
570 2435 737 2522 utriusque
748 2447 868 2512 notam,
882 2435 1054 2518 Augustini
1067 2435 1214 2501 Becherii

104 2522 286 2590 sacerdotis
301 2521 508 2588 adstudiosos
523 2521 709 2609 alloquium,
720 2521 806 2607 quod
818 2521 999 2586 testimonio
1009 2520 1212 2602 Quintiliani,

111 2609 374 2697 Hieronymique
387 2627 425 2675 ac
438 2608 536 2673 Plinii
550 2607 789 2674 narratiuncula
797 2609 837 2673 de
849 2607 1011 2674 Gaditano
1025 2609 1214 2676 Patauinum

106 2700 233 2764 visente
247 2707 385 2777 constet.
429 2694 483 2760 Ab
504 2695 620 2762 eodem
636 2694 795 2760 Bechario
815 2695 980 2760 Justinum
1004 2695 1054 2760 Μ.
1069 2695 1215 2762 Antonio

110 2781 405 2852 CoccioSabellico
417 2780 1216 2872 recognitumprodiissetestatnrMatt.Bernegge·

108 2895 174 2938 rus.
224 2869 379 2935 Proxima
392 2869 471 2934 mibi
486 2869 595 2934 oblata
608 2883 666 2946 est,
682 2890 777 2955 quam
801 2869 940 2935 Lutetiae
961 2889 1095 2935 moxnn
1110 2871 1214 2936 emisit

109 2957 257 3026 Jodocus
274 2956 395 3028 Badius
407 2957 587 3044 Ascensius,
600 2955 626 3020 is
639 2956 791 3020 lectorem
804 2969 911 3021 monet
925 2956 1086 3042 superiore
1097 2969 1215 3023 conatu

110 3058 186 3112 ante
199 3043 367 3109 biennium
383 3064 497 3127 operes
507 3065 579 3108 suas
592 3042 741 3128 deceptas
751 3042 871 3122 codice,
885 3044 941 3130 qui
957 3043 1007 3108 Μ.
1024 3043 1217 3110 Sabellicum

111 3143 299 3200 exactorem
315 3129 518 3215 praedicaret,
539 3129 700 3216 plusculas
723 3129 853 3194 mendas
875 3151 940 3194 non
955 3131 1125 3196 exemisse:
1149 3152 1213 3219 quo

109 3219 213 3284 serius
223 3229 392 3301 comperto
401 3237 570 3282 securene
584 3216 733 3304 reliquias
745 3215 896 3281 Livianus
907 3239 979 3282 cum
990 3216 1100 3283 decem
1109 3217 1215 3282 diver·

108 3302 1216 3389 ammonetoe*autscripturasexemplaribusconierriaGerberdoVer·

109 3390 245 3458 cellensi
260 3390 453 3480 Burgundo.
499 3392 606 3477 Atque
616 3388 668 3454 hm
682 3411 791 3455 omnes
804 3387 888 3454 libro
903 3391 998 3456 tertio
1009 3402 1042 3454 et
1055 3392 1217 3494 trigesimo

109 3497 298 3568 magnaque
308 3489 399 3562 parte
414 3475 658 3566 quadragesimi,
670 3475 771 3542 finitae
786 3475 904 3541 scilicet
918 3478 950 3541 in
963 3476 1013 3541 bis
1029 3477 1134 3541 verb1s
1144 3499 1216 3563 cap.

111 3575 166 3637 ³7.
176 3587 243 3650 per
256 3564 441 3650 onniapbru
455 3563 717 3664 conciliabulaque
730 3565 902 3641 ediderunt,
917 3563 1141 3628 destituuntur.
1156 3587 1217 3652 ego

109 3667 223 3718 autem
238 3650 504 3735 curretiaproeter
515 3650 744 3734 Campamcam
759 3662 792 3714 et
807 3649 946 3735 priorem
957 3650 1168 3729 Tarvisinam,
1182 3667 1218 3734 ut

108 3729 282 3814 inciderat,
288 3730 386 3823 quod,
400 3735 669 3822 quemadmodum
679 3736 850 3824 aliquando
859 3733 975 3802 lectum
985 3750 1075 3814 esset,
1087 3760 1219 3804 noscere

108 3828 243 3894 animus
252 3821 358 3902 ferret,
371 3845 446 3889 usus
458 3845 538 3888 sum.
571 3821 693 3890 Praeter
709 3825 764 3889 bns
778 3823 871 3888 video
882 3823 1006 3889 laudari
1015 3848 1035 3889 a
1047 3824 1219 3891 Robortel·

110 3910 329 3979 loMelcbiori
342 3911 468 3976 Suessae
478 3909 685 3988 elaboratam,
696 3922 728 3975 et
736 3909 777 3974 ab
783 3910 864 3991 aliis,
870 3911 1015 3976 Antonio
1021 3911 1166 3978 Zarotho
1174 3936 1215 3979 ex

111 3997 306 4066 recensione
314 3997 401 4062 Petri
412 3997 434 4061 J
435 3996 531 4062 ustini
538 3996 700 4084 Philelphi
709 3997 859 4082 impensis
869 3997 922 4063 Jo.
931 3997 1077 4086 Legnani
1091 3998 1218 4065 Medio·

111 4085 181 4152 lani
206 4103 421 4151 moccenxxx.
444 4081 633 4172 coniemam.
663 4083 718 4148 sed
739 4082 804 4164 hee,
826 4097 858 4148 et
878 4085 1069 4170 complures,
1093 4088 1218 4173 opinor,

114 4171 187 4238 aliae
202 4170 314 4238 oculos
325 4193 414 4236 meos
428 4168 587 4260 fugerunt.
631 4172 729 4236 Anno
743 4170 884 4255 proximi
898 4171 996 4236 seculi
1008 4185 1120 4237 octavo
1132 4173 1219 4239 deci·

119 4281 173 4324 mo
195 4258 345 4344 provenit
368 4255 642 4360 Magantiacensis
656 4256 744 4341 apud
758 4257 809 4321 ιΙο.
827 4256 1025 4324 Sabellarum
1041 4258 1093 4325 Jo.
1111 4260 1222 4325 Fausti

118 4359 281 4431 nepotem.
290 4345 361 4412 brec
372 4343 495 4412 addidit
508 4365 547 4412 ex
557 4341 751 4470 membrqnis
761 4341 965 4410 bibliotheca
979 4345 1011 4412 in
1021 4349 1092 4414 aede
1101 4345 1220 4412 ibidem

165 4453 241 4500 von.
257 4453 302 4500 ιν.
407 4489 410 4501 .
722 4450 747 4494 n
