3042 4980
305 193 422 268 xxxiv
695 187 1037 284 Pumnnrro.

304 392 482 490 illaque
498 389 659 488 plurima
674 389 901 487 insingulos
918 389 995 464 fere
1011 383 1130 464 annos
1143 389 1297 488 colligit,
1312 413 1396 488 par·

304 508 371 584 tim
389 503 626 580 incredibilia
643 517 681 580 et
697 503 853 580 omnino
869 528 978 592 vana,
993 500 1129 601 partim
1146 505 1195 580 ab
1212 503 1396 604 imperitis

304 618 520 698 hominibus
546 618 643 692 salso
668 618 800 694 habita
827 643 894 717 pro
920 619 1108 707 monstris,
1127 645 1245 718 quum
1267 632 1395 696 tamen

301 714 395 810 nihil
412 734 451 810 in
468 733 512 808 iis
529 744 641 821 esset,
659 735 764 832 quod
782 759 861 809 non
877 760 925 810 ex
941 735 977 809 ri
994 735 1075 834 ipsa
1094 759 1214 812 rerum
1232 745 1395 814 etnatu·
1429 771 1433 778 ·

301 875 351 927 rae
369 849 514 948 legibus
529 849 672 924 flueret.
709 848 787 924 Sed
801 873 878 924 non
892 860 996 924 recte
1007 849 1186 944 judicant
1199 851 1250 926 de
1267 848 1393 937 Livio,

166 997 169 1008 ’
226 987 227 992 ’
299 965 367 1065 qui
385 966 466 1041 haec
484 965 610 1040 omnia
628 965 676 1039 ab
691 988 737 1038 eo
755 975 822 1039 aut
835 989 905 1063 ‘pro
924 965 1020 1040 veris
1032 978 1254 1056 memorata,
1273 965 1395 1041 autin

138 1107 202 1154 nvn
213 1110 244 1156 u
300 1081 519 1179 religionem
534 1105 639 1156 versa
656 1105 741 1156 esse
758 1078 989 1156 existimant.
1034 1079 1122 1179 lpse
1139 1106 1180 1155 se
1193 1079 1320 1156 multis
1338 1072 1393 1152 lo-

133 1174 252 1299 }’,lssdffiss
300 1198 355 1272 cis
372 1195 566 1272 defendit:
594 1205 636 1269 ut
660 1221 776 1294 quum
803 1195 866 1272 lib.
884 1194 997 1270 XXI.
1014 1221 1097 1294 cap.
1114 1203 1176 1272 62.
1203 1195 1395 1294 prodigio-

298 1338 379 1388 rum
396 1312 674 1388 enarrationem
688 1311 744 1386 sic
763 1311 927 1386 orditur:
955 1311 1100 1399 Rome,
1120 1324 1185 1388 aut
1208 1314 1308 1388 circa
1332 1338 1394 1386 ur-

222 1433 223 1440 ’
296 1429 374 1506 bem
389 1432 504 1505 multa
520 1455 562 1504 eo
579 1429 694 1504 literne
712 1431 893 1528 prodigio
908 1431 1028 1528 sactu,
1046 1439 1114 1504 cut
1128 1429 1240 1527 (qnod
1253 1429 1395 1504 euenire

294 1547 384 1622 tolet
399 1548 508 1642 motis
523 1547 629 1620 semel
647 1547 687 1618 in
699 1546 914 1644 religionem
930 1546 1078 1642 animis)
1089 1531 1204 1618 molta
1214 1543 1408 1618 nunciata·

293 1673 331 1737 et
347 1675 475 1738 temere
499 1665 639 1737 credite
657 1673 758 1758 sunt.
811 1659 961 1735 Rursus
987 1659 1051 1737 lio.
1078 1656 1252 1735 XXVII.
1272 1682 1307 1731 c.
1326 1664 1390 1732 23.

279 1775 425 1854 'Cumis
439 1777 542 1874 (adeo
557 1781 719 1852 minimis
736 1779 844 1852 etiam
861 1777 966 1852 rebru
976 1802 1096 1876 meua
1112 1777 1245 1876 religio
1261 1775 1393 1850 inserit

290 1895 397 1989 deos).
409 1918 526 1968 mures
543 1893 583 1966 in
600 1895 675 1967 aecle
690 1891 799 1968 Joois
815 1917 944 1966 aarum
959 1894 1090 1966 rosisse
1103 1893 1314 1966 nunciatum
1323 1903 1389 1964 est.

293 2007 372 2082 Ubi
390 2009 460 2082 etsi
478 2007 528 2080 rei
548 2032 699 2104 prorsus
717 2005 928 2082 incredibili
946 2007 1056 2082 fidem
1069 2006 1195 2104 [totius
1208 2005 1391 2100 derogare

273 2123 490 2212 debuerat,
509 2123 682 2200 absurda
709 2131 810 2200 certe
832 2121 1109 2221 superstitionis
1134 2121 1275 2198 crimen
1300 2144 1323 2195 a
1348 2145 1392 2194 se

292 2237 451 2337 repellit.
503 2237 583 2314 Sed
599 2261 788 2336 nusquam
806 2262 915 2315 soum
935 2237 985 2312 de
1002 2237 1061 2314 his
1078 2238 1188 2312 rebus
1201 2234 1390 2330 judicium

292 2364 359 2428 aut
384 2353 561 2451 apertius
581 2362 647 2429 aut
672 2353 791 2429 fusius
817 2353 995 2453 explicat,
1013 2377 1127 2452 qnam
1153 2352 1218 2433 lib.
1236 2349 1391 2430 XLlll.

291 2495 326 2547 c.
345 2477 415 2547 ln·
439 2468 530 2566 Non
554 2496 632 2546 suoi
648 2472 797 2559 nescius,
812 2470 944 2569 inquit,
959 2471 1004 2550 ab
1021 2474 1141 2547 eudem
1157 2469 1390 2570 negligentia

290 2611 362 2686 quo
387 2586 486 2660 nillil
500 2589 583 2660 deos
601 2589 816 2683 portendere
840 2588 952 2686 vulgo
977 2613 1071 2664 nunc
1094 2589 1253 2671 credant,
1279 2607 1391 2682 neque

290 2703 461 2778 nuntiari
475 2703 666 2776 admodum
678 2702 756 2776 nlla
768 2705 948 2804 prodigia
961 2703 1211 2802 inpublieum,
1225 2701 1389 2799 usquein

290 2821 440 2896 annales
456 2817 603 2916 referri.
636 2819 799 2894 Ceteram
812 2829 847 2894 et
862 2819 955 2892 milti
971 2829 1132 2894 uetustus
1148 2844 1206 2893 res
1214 2817 1390 2894 scribenti

290 2937 411 3012 nescio
422 2960 492 3032 quo
499 2935 849 3033 pactoantiqnnseit
862 2937 1021 3013 animus:
1039 2945 1075 3009 et
1083 2934 1389 3033 quadamreugrio

289 3059 355 3139 ert,
370 3073 451 3150 qne
464 3050 522 3124 ilii
532 3051 813 3148 prudentissimi
822 3051 898 3124 oiri
906 3049 1054 3150 publice
1066 3051 1294 3149 serupmda
1305 3075 1387 3126 cen·

290 3167 440 3252 suerint,
458 3192 502 3242 en
520 3193 593 3266 pro
610 3168 778 3268 indiguis
794 3166 924 3243 babere
948 3195 1028 3268 quae
1052 3171 1093 3244 in
1117 3194 1213 3276 meos
1238 3170 1390 3246 ennoka

289 3283 456 3382 reseram,
508 3280 571 3355 Ex
600 3281 658 3358 his
685 3282 853 3380 profecto
880 3291 985 3380 petet
1011 3286 1118 3383 plura
1148 3309 1248 3379 eum,
1280 3285 1387 3382 quod

292 3397 443 3474 Curtios
461 3398 512 3472 de
535 3422 578 3471 se
603 3406 772 3486 testatur,
791 3397 1051 3487 transcribere,
1080 3425 1196 3498 quam
1220 3400 1387 3491 credere,

206 3614 209 3620 A
292 3524 332 3589 et
347 3514 430 3590 sola
447 3512 679 3613 antiquitatis
697 3514 940 3600 veneratione
958 3515 1170 3590 adductum
1193 3539 1240 3590 ea
1263 3514 1303 3588 in
1320 3539 1387 3592 an-

290 3631 397 3706 nales
415 3655 510 3726 suos,
523 3628 707 3722 retulisse,
718 3655 805 3729 quae
822 3630 893 3706 etsi
909 3630 1032 3707 sutilia
1048 3657 1132 3732 esse
1148 3631 1387 3729 intelligeret,

290 3746 364 3821 illis
382 3754 511 3821 tamen
528 3745 829 3843 prudentissimis
847 3745 934 3832 viris
952 3747 1174 3844 gravissima
1192 3747 1272 3832 visa
1289 3774 1385 3837 esse,

291 3873 340 3949 et,
360 3870 542 3959 tanquam
559 3860 673 3938 missa
690 3887 714 3938 a
731 3861 815 3950 diis,
834 3861 984 3961 ptrblice
1009 3872 1188 3964 suscepta
1206 3861 1387 3941 memine-

288 3991 358 4056 rat.
445 3997 448 4004 ⁴

340 4094 443 4179 Quin
459 4094 574 4170 etiam
589 4093 683 4169 illud
695 4095 878 4172 affirmare
890 4120 969 4172 non
987 4093 1257 4182 dubitabimus,
1271 4095 1386 4192 perti·

288 4210 416 4290 nuisse
434 4210 484 4286 ad
510 4209 672 4286 historia
700 4211 827 4302 fidem,
846 4221 888 4286 ut
904 4210 1078 4309 prodigia
1103 4210 1180 4300 illa,
1199 4213 1385 4311 quemad·
