3042 4980
492 181 841 268 ranrnrro.
1056 127 1218 262 ἰιιιιι

163 385 259 462 Tria
273 383 448 462 maxime
456 393 586 462 noster
600 385 789 485 spectavit
805 383 924 474 labor,
937 392 980 462 ut
995 395 1281 518 conterrtumtrii
1266 420 1367 520 effi

113 502 215 580 Livii
242 525 359 601 quam
385 500 715 599 castigatissimum
739 500 964 592 ederemus3
989 512 1034 576 ut
1059 474 1296 584 difficuliiii..

113 629 215 697 tates
240 645 307 696 eas
333 645 419 720 qum
435 619 476 694 in
495 617 619 696 verbis
635 615 940 694 locutionibusve
957 618 1216 709 subobscuris,

113 735 436 834 impeditioribus,
455 757 587 834 parum
605 733 766 822 usitatis,
793 731 927 832 positae
952 745 1071 830 erant,
1086 736 1218 833 expla-

113 857 317 942 naremns;
342 860 385 926 ut
400 875 460 926 res
477 851 583 949 ipsas
601 849 886 927 illustraremus.

164 966 215 1042 In
233 976 441 1044 contextus
467 965 758 1043 emendatione
748 976 801 1044 ita
817 967 994 1044 haesimus
1009 967 1214 1060 Gronorio,
1225 987 1253 1098 ξι
1253 985 1301 1035 -oc
1302 993 1372 1036 nxte·

115 1083 252 1160 utalia
270 1085 397 1160 adhuc
415 1085 525 1160 nobis
543 1083 711 1160 subsidia
728 1108 958 1184 pararemus,
971 1095 1010 1160 et
1026 1086 1276 1185 conquisi·100
1224 1118 1260 1164 so
1225 1059 1332 1166 ”ffli-
1323 1054 1382 1165 ”dii

115 1201 161 1275 tis
175 1200 437 1332 excussisque
462 1199 722 1301 compluribus
747 1199 846 1276 Livii
871 1201 1070 1278 codicibus
1097 1201 1215 1278 MSS.
1225 1183 1382 1296 {mmffl

114 1315 186 1414 ipsi
204 1339 362 1416 quoque
378 1315 419 1392 in
439 1318 678 1416 repurgando
705 1318 916 1393 accuratius
933 1317 1042 1394 Livio
1059 1317 1275 1419 aliquodqo
1244 1313 1371 1360 ⁰·‘MSS

115 1443 242 1530 operae
260 1432 425 1530 pretium
442 1433 565 1508 facere
586 1457 821 1508 conaremur.
871 1433 980 1508 Juvit
1004 1433 1104 1508 hanc
1129 1457 1218 1509 nos·

116 1559 211 1624 tram
233 1547 477 1636 voluntatem,
497 1548 574 1624 imo
591 1547 692 1624 rotis
718 1549 884 1624 occurrit
908 1550 1027 1625 effusa
1044 1550 1222 1627 comitate

118 1673 155 1740 et
179 1663 449 1740 benevolentia
475 1664 577 1740 Clau.
606 1663 796 1754 sollerius,
823 1664 1064 1742 bibliothece
1092 1651 1222 1765 Regiae

12 1765 13 1768 ¹
116 1789 264 1867 custos,
277 1779 344 1878 qui
361 1780 462 1856 hunc
480 1780 552 1856 sibi
566 1779 814 1856 commissum
832 1807 916 1856 esse
932 1782 1149 1858 thesaurum
1165 1784 1222 1859 in-

115 1896 279 1986 tellexit‚
298 1920 390 1986 non,
409 1895 510 1972 sicut
528 1895 785 1996 Hesperidum
803 1898 904 1972 mala
927 1908 1035 1974 torro
1060 1897 1116 1974 illi
1140 1901 1223 1976 dra·

116 2012 219 2098 coni,
240 2038 290 2088 ea
315 2011 399 2109 lege
425 2013 665 2110 servandum,
682 2023 727 2088 ut
752 2039 884 2090 omnes
911 2015 958 2090 ab
984 2039 1031 2090 eo
1057 2031 1221 2108 arceret3

116 2128 244 2204 sedin
264 2127 416 2226 eosqui
441 2130 490 2204 de
515 2128 648 2204 litteris
675 2131 772 2208 bene
798 2131 930 2206 mereri
955 2131 1122 2223 student,
1139 2134 1221 2230 pari

115 2243 352 2340 benignitate
370 2253 408 2318 et
425 2245 624 2342 prudentia
641 2246 955 2344 dispensandum.

169 2359 269 2456 Ejus
285 2384 403 2462 opera
421 2385 467 2436 ac
485 2360 669 2436 beneficio
688 2360 801 2460 copia
817 2361 926 2436 nobis
951 2363 1053 2438 lacta
1071 2374 1129 2438 ert
1154 2389 1222 2442 sex

118 2474 346 2574 scriptorum
388 2476 579 2564 codicum,
625 2476 795 2576 quinque
834 2477 1220 2569 membranaceomrn,

116 2593 229 2668 unius
248 2587 451 2680 chartacei,
470 2616 629 2691 quorum
656 2593 828 2692 plerique
851 2593 1092 2671 Gronovium
1116 2597 1221 2693 fuge·

115 2719 213 2786 rant.
250 2707 411 2784 Illorum
428 2734 540 2797 unus,
559 2709 625 2808 qui
643 2709 776 2786 litteris
793 2712 845 2785 ad
863 2711 1047 2810 optimum
1064 2715 1222 2790 modum

118 2824 294 2902 formatis
320 2850 400 2900 non
417 2826 670 2925 spernendam
689 2837 918 2908 vetustatem
935 2830 1068 2928 arguit,
1088 2831 1224 2908 decern

116 2943 264 3043 primos
293 2940 394 3017 Livii
424 2943 541 3020 libros
568 2944 840 3043 complectitur.
892 2945 932 3022 Iu
962 2947 1150 3024 interdum
1183 2948 1224 3022 in
1281 2965 1284 2972 ⁴

115 3059 218 3136 notis
237 3059 376 3136 nostris
395 3060 444 3134 ad
463 3060 622 3158 primam
645 3061 832 3136 decadem
859 3061 1072 3160 appellatur
1094 3072 1222 3140 ¹vetus·

115 3175 328 3252 tissimuse
354 3173 480 3272 regiis.
533 3175 651 3252 Hunc
677 3188 823 3252 utnon
849 3186 1048 3268 vetustate,
1067 3181 1123 3256 ita
1148 3182 1222 3256 for-

12 3319 13 3326 *
115 3304 221 3367 tasse
239 3289 409 3368 bonitate
427 3301 594 3392 superat,
612 3317 727 3391 quem
749 3293 894 3392 passim
919 3294 1102 3394 optimum
1129 3321 1150 3370 e
1168 3321 1222 3371 re·-

113 3407 187 3505 giis
203 3405 430 3497 vocitamus,
442 3407 602 3506 primam
615 3418 654 3484 et
664 3409 810 3487 tertiam
823 3411 994 3487 decades
1008 3412 1221 3503 continens,

114 3535 158 3600 ut
176 3533 219 3597 et
236 3522 331 3599 alter
349 3549 371 3598 e
387 3523 604 3600 Telleriana
621 3525 854 3603 bibliotheca
870 3528 909 3602 in
935 3527 1075 3626 regiam
1101 3539 1222 3602 trans·

114 3639 231 3736 latus
251 3663 369 3739 quern
394 3639 481 3716 ideo
508 3639 767 3716 Tellerianum
790 3643 989 3742 aliquoties
1008 3643 1224 3720 'nominavi-

115 3781 214 3847 mus‚
234 3757 305 3832 sed
332 3767 371 3832 et
396 3766 507 3832 aetnte
525 3767 564 3831 et
589 3757 710 3856 pretio
738 3758 850 3856 longe
877 3759 1027 3835 duobus
1052 3760 1098 3834 iis
1125 3783 1223 3859 quos

115 3873 239 3970 primo
266 3872 529 3967 indicavimus,
564 3873 727 3952 inferior.
794 3873 1030 3952 Tbuanaeum
1056 3902 1222 3976 quoque,

117 3989 288 4087 quinque
304 3987 433 4077 librae,
453 4015 476 4064 a
501 4002 609 4066 sexto
625 4013 762 4088 nempe
788 3990 839 4064 ad
857 3991 1061 4078 decimum,
1082 3993 1222 4068 baben-

117 4113 204 4193 tem,
217 4104 259 4180 in
276 4127 413 4178 manus
432 4104 676 4202 sumpsimus,
692 4103 843 4203 optimae
858 4105 964 4182 illum
981 4109 1138 4207 quidem
1156 4135 1223 4184 no-

117 4229 172 4310 tae,
191 4221 262 4298 sed
281 4245 307 4294 a
324 4219 520 4296 Gronovio
533 4220 614 4316 jam
631 4245 848 4300 excussum.
892 4222 1135 4312 Chartaceus,
1151 4227 1217 4298 de-
