3042 4980
507 179 848 314 PRAEllA‘rlo.
907 301 911 314 Β
1082 202 1232 278 lxxxvii

133 437 273 512 magna
294 409 461 488 'historiae
488 417 595 512 parte
620 409 764 510 futurus
789 411 860 497 est,
885 415 923 479 et
947 427 1090 480 vacuos
1116 427 1229 480 sensu

131 553 200 628 pro
218 529 333 604 rebus
351 552 467 604 sonos
486 551 586 625 saepe
603 519 830 622 captaturos,
849 520 1049 620 diligenter
1064 519 1104 595 in
1126 519 1229 596 uotis

106 644 288 732 -uostris,
315 667 394 718 non
419 641 616 718 ambitiose
641 646 781 726 tamen,
808 636 1099 736 explicarentur.
1151 635 1228 710 Ita-

99 773 103 780 '
132 785 207 858 qne
235 759 382 834 nudam
411 753 630 858 hujusmodi
655 776 779 829 rerum
809 750 1099 828 estimationem
1129 761 1235 826 notae,

133 871 377 950 exhibebunt.
405 867 607 949 Momenta
623 868 823 956 rationum,
842 866 977 966 quibus
1002 865 1070 941 illa
1086 863 1226 954 nititur,
1281 963 1286 972 Ι

132 999 170 1063 et
194 997 317 1063 totam
342 969 583 1086 subducendi
606 982 741 1059 calculi
768 983 878 1072 viam,
899 1006 1099 1080 operosum
1118 1004 1226 1078 argu·
1358 1015 1361 1022 ·

131 1114 317 1196 mentum,
350 1114 388 1178 et
416 1103 520 1204 quod
550 1126 622 1176 nec
650 1098 848 1204 perstringi
878 1096 1032 1174 omnino
1063 1097 1226 1173 breviter
1292 1142 1296 1150 ·

132 1219 286 1307 debeat,
305 1242 376 1294 uec
394 1219 476 1294 fuse
491 1217 553 1294 hic
571 1215 748 1315 explicari
766 1215 858 1291 satis
871 1214 1075 1290 commode
1091 1214 1226 1314 possit,
1246 1233 1251 1240 ·

131 1333 293 1410 seorsim
311 1358 546 1432 exponemus
564 1331 1025 1432 peculiaridisputationc,
1040 1329 1224 1428 quaebuic

129 1447 341 1550 praeiationi
365 1447 626 1545 subjungetur.
768 1471 771 1480 ’

179 1563 450 1664 Geographica
472 1561 660 1638 illustrare
685 1563 775 1664 quin
800 1563 1004 1640 utilissima
1023 1589 1145 1664 operae
1156 1563 1222 1654 sit,
1232 1579 1268 1629 ⁴⁰·
1277 1579 1384 1644 eeosu·

129 1705 246 1754 uemo
276 1703 370 1754 sane
395 1678 593 1767 dubitabit,
622 1679 686 1780 qui
713 1679 919 1756 meminerit
944 1704 1028 1755 eam
1053 1705 1137 1756 esse
1163 1645 1310 1754 velim
1337 1697 1339 1711 ·

129 1794 363 1894 praecipuam
392 1793 556 1871 historiar
585 1794 718 1886 lacem,
750 1795 861 1894 plane
894 1796 1157 1885 necessariam,
1194 1795 1224 1870 si
1287 1789 1315 1897 J
1347 1799 1351 1809 '

127 1909 216 2008 quis
235 1909 436 1985 distinctas
453 1933 575 1984 rerum
592 1919 782 2010 gestarum
799 1910 981 2008 imagines
1000 1936 1135 2010 capere
1148 1910 1227 1986 aui·

127 2049 191 2102 mo
210 2025 318 2104 velit.
372 2025 444 2100 llla
468 2026 656 2102 dubitatio
687 2027 769 2116 fuit,
797 2036 921 2103 utrum
947 2027 1096 2104 chartas
1122 2025 1389 2105 Ceo-'curetum

126 2139 332 2241 graphicns
348 2141 620 2240 insculpendas
638 2167 867 2232 curaremus
886 2171 970 2245 quae
982 2155 1151 2219 nostram
1163 2115 1382 2228 Li-ffiffl'
1420 2171 1423 2180 v

127 2257 178 2332 vii
195 2257 402 2334 editionem
426 2258 702 2348 comitarentur,
723 2283 772 2333 an
797 2285 843 2334 ea
867 2285 951 2358 quac
977 2261 1028 2334 ad
1054 2241 1389 2370 (leoga-2⁴33&

128 2372 261 2472 phiam
286 2373 474 2471 pertinent
502 2373 621 2449 verbis
652 2373 842 2471 explicare
869 2373 959 2448 satis
988 2375 1223 2452 haberemus.
1232 2383 1297 2422 '¹¹¹¹‘

129 2488 242 2565 Prius
258 2487 354 2564 illud
371 2488 572 2564 consilium
589 2490 715 2564 multis
733 2491 893 2567 fortasse
906 2479 1095 2578 arrideret,
1109 2479 1226 2588 idque
1243 2573 1245 2579 ,

126 2605 176 2681 ab
203 2603 351 2704 aliquot
377 2601 486 2678 annis
512 2604 551 2679 in
576 2604 748 2702 plurimis
770 2608 851 2702 jam
881 2605 985 2681 libris
1014 2605 1226 2682 factitatum

124 2745 212 2798 esse
229 2745 309 2796 non
325 2721 552 2817 ignoramus.
604 2720 682 2796 Sed
702 2720 743 2795 in
764 2721 872 2800 Livio
891 2719 997 2797 veriti
1016 2747 1158 2812 sumus,
1177 2747 1226 2798 nc
1338 2811 1343 2826 Ι

125 2862 214 2914 cum
234 2835 338 2911 haud
357 2834 494 2932 exigua
511 2847 683 2933 sumptus
702 2838 921 2914 accessione
938 2837 1078 2936 exigua
1100 2849 1225 2914 tamen

125 2955 174 3029 ad
196 2962 387 3051 emptores
404 2948 544 3025 rediret
560 2950 716 3030 utilitas.
768 2949 920 3028 Etenim
947 2955 1118 3030 manibus
1145 2979 1225 3030 orn-
1299 2967 1311 3024 ⁴.

124 3069 233 3144 nium
267 3076 438 3141 teruntur
466 3065 605 3140 tabulae
635 3067 910 3165 Geographicae
944 3093 1071 3162 earum
1106 3071 1232 3167 regio-¹

124 3205 218 3260 num
236 3207 333 3281 quas
350 3181 507 3258 historia
529 3180 686 3258 Liviana
713 3185 989 3283 complectitur,
1009 3211 1033 3260 a
1050 3186 1222 3269 doctissi-

124 3301 197 3378 mis
215 3298 304 3374 viris
322 3323 459 3397 magna
476 3324 567 3375 cura
579 3299 795 3375 elaboratae.
823 3301 959 3402 Itaque
972 3315 1101 3379 actum
1113 3329 1224 3402 agere

124 3416 330 3501 videretur,
344 3414 408 3513 qui
422 3439 472 3489 ex
489 3413 563 3489 illis
580 3415 849 3513 vulgatissimis
866 3418 1005 3496 tabulis
1024 3443 1223 3518 expressas

123 3531 277 3606 tabulas
295 3528 403 3607 Livio
420 3530 674 3628 subjungeret.

172 3644 256 3721 Sed
273 3667 399 3743 neque
414 3655 525 3720 notas
547 3658 696 3723 nostras
723 3649 1007 3748 Geographica's
1033 3651 1072 3727 in
1094 3652 1221 3752 ipsum
1231 3677 1361 3726 curm

125 3759 389 3836 commentarii
415 3783 552 3859 corpus
576 3760 743 3840 intexere
769 3765 985 3843 consultum
1012 3793 1097 3842 esse
1114 3743 1379 3868 duxi-mihi

126 3899 223 3965 mus,
243 3899 294 3956 ne
311 3874 553 3954 multitudine
577 3872 752 3956 notarum
778 3895 1021 3960 onerarentur
1045 3893 1083 3961 et
1105 3883 1366 3994 impe-ssffl'

127 3989 298 4066 dicentur
313 3989 484 4090 pagina-3
510 4015 560 4068 ne
576 4017 678 4094 saepe
693 3997 886 4087 lectorem,
902 4000 995 4076 dum
1012 4000 1045 4076 is
1063 4000 1380 4112 alicujusfflgp

127 4105 220 4182 nodi
238 4105 304 4206 qui
321 4129 409 4182 eum
422 4107 521 4183 male
537 4107 650 4188 babet
668 4112 896 4192 solutionem
912 4116 1046 4215 quaerit
1058 4115 1098 4193 in
1109 4116 1297 4205 notium

130 4243 333 4300 occurrens
360 4223 480 4300 oculis
507 4223 773 4326 Geographica
790 4231 1015 4332 disceptatio
1034 4233 1225 4307 frustrare-

641 4352 703 4419 rt
