3120 4984
309 169 350 234 co
680 159 817 234 ,Τιτι
849 159 984 222 nrvrr

149 343 283 406 acati.
307 339 444 394 stratum
470 324 571 393 ruinis
595 323 727 402 locuun-
740 325 877 392 fascibus
902 324 999 390 aridis
1025 334 1257 392 sarmentorum
1284 320 1382 407 injec-

145 413 216 460 Μ·
230 412 288 470 1⁷¹⁸
310 417 361 490 tis,
384 426 502 481 stantes
524 433 596 478 cum
613 411 797 479 ardentibus
820 412 953 478 fascibus
976 427 1163 482 accensuros
1183 433 1222 478 ea
1244 431 1276 474 se
1296 429 1384 492 soepe

191 527 194 536 ¹
309 502 525 577 minabantur,
544 513 588 575 ut,
609 500 755 566 incendio
769 499 796 538 ²⁴
805 499 969 583 intersepti
989 497 1031 564 ab
1053 497 1153 572 hoste,
1176 495 1315 584 spatium
1338 494 1383 560 ad
1482 500 1485 506 '

310 586 524 672 objiciendum
539 586 722 650 interiorem
743 608 874 651 murum
892 585 1056 650 baberent.
1083 583 1200 660 'Quod
1215 585 1383 667 inceptum

310 697 423 740 eorum
439 675 503 737 lora
524 672 668 756 inpediit.
692 695 765 737 nam
792 686 899 737 tantus
925 687 1052 757 repente
1073 671 1190 736 effusus
1205 667 1383 744 octimber,

310 774 347 826 ut
373 783 432 826 nec
461 759 592 828 accendi
615 758 710 824 vfacila
738 772 912 845 quateretur,
939 773 970 824 et
996 759 1216 846 essungnetet·
1237 775 1384 821 accensa.

311 847 425 934 Itaque
447 859 479 912 et
500 845 658 911 transitus
678 867 734 930 per
756 847 910 912 distracta
934 845 1089 911 fumantia
1108 845 1383 932 virgultapatuit3

313 947 355 1012 et,
372 935 404 997 in
420 934 516 998 unius'
528 932 591 996 loci
612 933 797 1016 praesidium
820 933 968 998 omnibus
983 933 1091 1009 versis,
1113 931 1234 1003 moenia
1255 950 1385 1018 quoque

313 1021 457 1107 pluribus
472 1019 565 1084 simul
581 1018 725 1103 partibus
735 1020 825 1087 scalis
839 1020 1021 1105 capiuntur.
1066 1021 1106 1086 In
1121 1019 1227 1104 primo
1241 1020 1385 1086 tumultu

312 1119 415 1194 captae
438 1106 525 1172 urbis
546 1105 685 1172 seniores
707 1107 903 1191 inpubesque
911 1119 934 1183 ⁸,
950 1117 1029 1193 quos
1051 1128 1142 1172 casus
1163 1104 1273 1170 obuios
1288 1101 1386 1168 obtu-

313 1194 361 1271 lit,
378 1195 492 1279 passim
520 1193 611 1258 cresi:
634 1195 747 1258 armati
767 1194 801 1257 in
822 1215 928 1258 arcem
954 1192 1184 1282 confugerunt:
1207 1205 1239 1258 et
1253 1201 1386 1276 postero

314 1283 375 1357 die,
392 1303 489 1366 quum
505 1280 572 1365 spei
586 1279 665 1344 nibil
686 1293 870 1366 superesset,
894 1280 1055 1346 deditione
1075 1279 1168 1355 facta,
1185 1278 1243 1348 sub
1263 1296 1386 1346 corona

314 1367 491 1433 uenierunt.
536 1367 679 1431 Fuerunt
693 1379 800 1432 autem
821 1366 888 1431 duc
911 1365 1123 1432 millia'ferme
1144 1379 1176 1436 et
1196 1363 1387 1465 qninqentir

315 1464 502 1518 ornaments
519 1452 606 1516 urbis
621 1466 734 1518 statuae
749 1466 780 1519 et
795 1453 913 1519 tubulae
927 1453 1032 1538 pictae,
1045 1466 1077 1518 et
1089 1451 1245 1540 quidquid
1264 1450 1387 1534 pretio-

316 1563 360 1604 sre
374 1540 494 1625 praedae
509 1539 579 1615 fuit,
594 1539 635 1604 ad
651 1562 746 1606 naves
767 1539 925 1606 delatum:
951 1541 1147 1605 urbsdiruta
1162 1563 1181 1603 a
1194 1536 1387 1602 fundamen-

315 1627 366 1692 tis.
403 1626 520 1691 ²⁵1nde
535 1625 664 1691 Thebas
685 1626 801 1693 ductus
822 1627 1002 1695 exercitus:
1025 1626 1140 1714 quibus
1155 1623 1388 1690 sinecertami-

201 1787 203 1791 ,
226 1723 228 1726 ’
315 1735 357 1778 ne
378 1713 524 1798 receptis,
543 1712 655 1779 urbem
678 1715 811 1778 tradidit
835 1714 1008 1789 exsulibus,
1033 1728 1064 1780 et
1109 1713 1143 1778 ui
1163 1713 1388 1778 Romanorum

316 1800 415 1884 partis
437 1813 541 1864 erant:
565 1798 705 1866 adversae
727 1799 871 1866 factionis
893 1801 1071 1877 hominum,
1087 1737 1320 1883 iautorumque
1333 1819 1392 1860 re-

316 1887 365 1972 gis
380 1908 417 1952 ac
435 1885 650 1952 Macedonum
665 1887 836 1954 ²⁶familius
858 1888 917 1952 sub
938 1909 1057 1952 corona
1073 1887 1224 1955 vendidit.
1247 1884 1296 1948 bis
1313 1905 1389 1971 ges·

184 2025 188 2034 .
317 1973 357 2038 tis
372 1973 404 2038 in
423 1973 562 2049 Boeotia,
578 1973 617 2040 ad
634 1987 882 2040 mareacnaves
899 1975 1002 2040 rediit.
1322 2015 1326 2029 ·

153 2049 255 2128 seruus
359 2059 489 2128 LXIV.
514 2059 624 2137 Quum
641 2060 711 2125 haec
725 2061 758 2126 in
772 2062 900 2128 Boeotia
911 2072 1110 2149 gererentur,
1126 2062 1259 2127 Perseus
1273 2057 1313 2124 sd
1325 2059 1388 2146 Sy·

152 2149 244 2193 nuum
257 2146 442 2212 arcarium
457 2147 571 2212 stativa
589 2148 712 2212 dierum
736 2148 857 2235 aliquot
871 2148 994 2214 babuit.
1040 2149 1106 2216 Ubi
1123 2169 1222 2233 quum
1237 2146 1389 2223 audisset,

153 2210 308 2322 22³5}ssss
319 2235 436 2318 raptim
454 2235 614 2300 Romanos
635 2236 721 2300 circa
742 2257 783 2300 ex
806 2235 892 2319 agris
906 2235 1083 2300 demessum
1098 2235 1292 2300 frumentum
1307 2255 1389 2298 con-

151 2354 179 2388 ιο
191 2343 252 2391 vua.
318 2321 446 2400 vehere,
464 2321 582 2388 deinde
596 2337 670 2386 ante
686 2345 749 2388 suat
765 2343 923 2408 quemque
945 2322 1081 2388 tentoria
1100 2323 1202 2405 spicas
1227 2319 1390 2387 fascibus·

318 2409 529 2486 desecantem,
546 2431 611 2496 quo
625 2409 737 2494 purius
752 2408 947 2474 frumentum
960 2423 1086 2486 tereret,
1102 2409 1246 2492 ingentes
1256 2429 1389 2475 aceruos

316 2519 374 2582 per
390 2509 457 2561 tota
471 2501 833 2562 castra'stramentorum
856 2495 980 2561 fecisse:
1004 2509 1090 2563 ratus
1105 2495 1253 2562 incendio
1266 2515 1390 2578 oppor-

317 2597 396 2648 tuna
415 2605 492 2662 esse,
512 2581 605 2658 faces,
627 2583 817 2668 taedamque,
833 2596 865 2648 et
879 2583 1042 2648 malleolos
1053 2596 1179 2667 stuppae
1195 2581 1302 2646 inlitos
1313 2581 1388 2666 pice

316 2669 425 2752 parari
448 2667 557 2754 jubete
584 2681 679 2816 atque
708 2669 750 2733 ita
776 2670 882 2734 media
906 2684 1000 2734 nocte
1028 2669 1197 2755 profectus,
1220 2682 1257 2733 ut
1281 2667 1390 2752 prima

226 2772 230 2777 ’
316 2756 388 2820 luce
410 2755 577 2842 adgressus
595 2753 627 2818 sa
640 2755 727 2820 leret.
773 2755 1011 2843 Nequidquam.
1034 2761 1148 2842 primae
1162 2757 1314 2822 stationes
1328 2755 1389 2822 ob-

317 2863 434 2924 pressae
463 2841 602 2906 tumultu
631 2864 668 2906 sc
698 2857 819 2908 terrore
848 2865 906 2908 suo
935 2853 1056 2910 ceteros
1085 2844 1286 2911 exciveruntz
1323 2842 1391 2930 sig·

317 2949 458 3012 numque
489 2927 599 2992 datum
628 2941 675 2992 est
711 2951 800 2993 arma
836 2930 997 3016 extemplo
1026 2931 1192 3015 capiendir
1229 2927 1390 3014 simulque

318 3014 352 3078 in
374 3013 469 3092 vallo,
486 3013 525 3078 ad
548 3027 666 3099 portas,
682 3016 773 3080 miles
799 3017 973 3084 instructus
998 3032 1077 3095 erat,
1093 3034 1125 3084 et
1149 3017 1290 3082 intentus
1311 3038 1390 3100 pro-

275 3114 279 3122 “
317 3102 505 3190 pugnationi
537 3113 725 3168 castrorum.
782 3103 916 3168 Perseus
945 3116 977 3170 et
1010 3103 1175 3188 extemplo
1200 3101 1391 3190 circumegit

318 3188 430 3264 aciem,
446 3202 477 3253 et
496 3189 600 3271 prima
614 3189 830 3274 inpedimenta
846 3191 901 3267 ire,
914 3190 1031 3256 deinde
1047 3191 1191 3277 peditum
1206 3192 1296 3274 signa
1310 3189 1390 3254 ferri

313 3275 417 3360 jussit.
441 3275 510 3359 ipse
530 3297 604 3340 cum
631 3277 773 3362 equitatu
791 3288 823 3340 et
846 3273 1091 3343 levi'armatura
1112 3278 1253 3344 substitit
1273 3275 1315 3341 ad
1330 3300 1390 3366 ag-

318 3383 392 3426 men
414 3363 613 3446 ccgendum3
635 3379 732 3440 ratus,
754 3363 788 3428 id
810 3363 895 3450 quod
918 3364 1044 3443 accidit,
1061 3366 1257 3430 insecuturos
1272 3362 1313 3428 ad
1329 3385 1390 3430 ex·

318 3459 421 3512 trema
443 3447 484 3512 ab
505 3461 596 3528 tergo
618 3449 779 3534 carpenda
792 3449 910 3515 hostes.
953 3451 1056 3518 Breve
1071 3465 1231 3517 certamen
1246 3451 1323 3516 leuis
1338 3473 1393 3514 ar-

319 3549 454 3600 maturae
471 3536 611 3600 maxime
633 3557 707 3600 cum
729 3539 1003 3621 procursatoribus
1026 3537 1093 3604 fuit.
1116 3539 1236 3626 equites
1251 3539 1392 3623 pedites·

319 3643 381 3707 que
395 3623 463 3685 sine
478 3622 617 3687 tumultu
633 3624 666 3684 in
682 3639 786 3688 castra
801 3625 973 3689 redierunt.
1018 3625 1180 3690 Demessis
1194 3627 1279 3692 circa
1299 3648 1391 3712 sege-
1421 3667 1425 3674 -

498 3758 693 3821 timprtteretque
703 3760 777 3806 Grcn.
790 3761 877 3810 Creu,
1008 3760 1129 3826 hsalcr'tru
1138 3763 1207 3812 Eaed.

352 3891 385 3940 st
400 3893 537 3957 Intercepti]
555 3891 700 3956 conjectura
711 3895 839 3944 Florebelli
871 3903 912 3944 tur
928 3899 968 3946 hic
984 3895 1087 3960 alicujus
1104 3899 1204 3946 alterius
1221 3900 1327 3948 dabatis
1345 3916 1394 3950 nc·

319 3972 335 4005 a
345 3958 444 4018 sigonio
452 3959 574 4017 adoptata.
608 3959 679 4006 Prius
692 3961 821 4021 interoepts'.
870 3975 928 4010 men
943 3970 1056 4023 posuerat
1068 3965 1162 4019 Livius,
1174 3965 1213 4012 vel
1224 3965 1315 4026 aliquid
1329 3969 1395 4014 omi·

352 4022 384 4069 25
399 4019 460 4068 Inde
487 4021 575 4070 naun
603 4023 686 4072 ductus
712 4025 837 4089 κινείτω]
871 4028 904 4076 sit
914 4029 944 4074 de
955 4028 1087 4086 Thebanis,
1096 4030 1161 4076 unde
1173 4043 1243 4077 nome
1253 4043 1395 4090 munus,

318 4087 395 4146 Atqui
403 4085 556 4146 supinata.
583 4087 839 4138 Thebanimemoran-
872 4105 916 4139 cur
937 4094 1053 4140 adrasus
1068 4108 1110 4142 ecs
1128 4094 1255 4142 &manus
1271 4096 1396 4144 exercitus

317 4157 359 4198 tur
370 4150 504 4198 decrevisse
514 4160 543 4198 ut
554 4155 678 4200 tolleretur
688 4154 755 4215 regia
764 4156 841 4202 socie-
872 4158 983 4204 ducetur.

318 4209 366 4276 tas,
378 4221 403 4261 et
415 4216 470 4261 fidei
481 4217 617 4276 legatorum
628 4217 795 4266 Rornanorum
807 4221 840 4268 ci·
877 4211 937 4270 ,’26
952 4223 1081 4288 Familias]
1100 4225 1186 4272 Servos
1197 4229 1222 4270 et
1232 4225 1304 4272 bone.
1332 4225 1394 4274 vid.

318 4281 420 4346 ritatem
428 4283 652 4334 commendavissez
669 4291 694 4328 et
705 4297 725 4329 r.
738 4283 777 4330 46.
786 4289 840 4330 tsn-
872 4294 922 4332 not.
934 4286 974 4334 46.
984 4289 1016 4336 ad
1028 4290 1045 4335 l.
1058 4290 1107 4337 111.
1118 4305 1140 4338 c.
1151 4287 1192 4336 35.
1203 4303 1284 4350 supra.

319 4343 564 4402 utisrerseomthil
573 4347 634 4393 moti
645 4355 711 4395 sunt.
732 4345 838 4410 Veligi-¹
1252 4373 1254 4378 ·
