3042 4980
402 199 405 204 ’
526 181 865 273 PRAEFATIO.
1035 199 1241 278 „xxxvii

141 405 365 493 praesentem
398 395 498 472 sistit
524 397 575 473 ob
601 397 941 486 oeulometeivam
958 397 1241 496 quodammodo

143 536 187 586 ec
213 511 422 612 spirantem
448 513 613 588 exhibet.
666 512 821 588 Illorum
848 523 1026 612 suspecte
1052 514 1240 591 interdum

143 630 177 700 et
194 627 320 702 otiosa
338 627 575 728 loquecitesr
604 629 665 704 hie
683 655 755 705 nos
779 629 917 726 frangit
941 631 1146 706 auctoritas
1163 630 1241 707 ine-

142 739 334 818 luetabilis
361 753 585 820 onustorum
611 744 809 842 triumphis
841 746 994 834 ducum,
1021 759 1059 820 et
1087 746 1241 822 maximi

142 867 230 954 post
247 855 443 936 hominum
462 859 680 936 memoriam
697 860 843 959 imperii
860 862 1110 938 conditorum.
1162 863 1240 938 De-

140 972 256 1072 nique
272 973 425 1050 illorum
439 975 713 1074 preceptiones
724 1001 803 1050 non
821 978 939 1052 modo
955 978 1123 1052 eridaeac
1136 978 1239 1074 jeju-

141 1109 200 1162 nae
217 1090 313 1165 nihil
331 1093 471 1168 babent
487 1091 678 1182 lenocinii,
697 1091 789 1168 nihil
808 1091 1022 1190 voluptatis,
1038 1094 1238 1170 sedetiam

140 1205 224 1305 ipse
256 1206 502 1307 p'raeoipiemli
531 1208 769 1309 professione
795 1210 1003 1284 absterrent
1028 1235 1074 1284 ec
1107 1211 1240 1307 lugent

140 1321 331 1400 indociles
362 1325 584 1426 plerumque
613 1319 808 1401 hominum
841 1325 1009 1400 animos:
1046 1325 1174 1400 Livius
1200 1339 1239 1401 et

141 1439 245 1513 omni
263 1439 491 1537 eloquentie
509 1441 614 1516 cultu
632 1441 809 1516 salutaria
827 1441 971 1516 monite
987 1440 1099 1516 vestit
1114 1450 1153 1516 et
1171 1465 1237 1515 ex·

141 1563 264 1642 ornet,
285 1565 323 1630 et
340 1554 392 1630 ite
418 1556 588 1656 praecipit
605 1566 646 1632 ut
673 1580 827 1654 prorsus
852 1557 970 1631 lateat
994 1556 1239 1654 preripiendi

139 1669 333 1749 voluntas.
388 1673 547 1752 Nullum
581 1673 620 1748 in
650 1697 696 1748 eo
732 1671 936 1770 magisterii
971 1673 1237 1771 superciliem3

140 1786 247 1861 nulla
265 1788 435 1864 doctoris
452 1811 634 1889 persone:
669 1789 842 1887 fallitque
868 1789 1071 1886 discipline
1096 1787 1238 1864 virtutis

20 1979 24 1988 ,
141 1916 229 1976 ente
246 1903 437 1979 insinuate
454 1905 657 1994 mentibus,
678 1929 794 2005 quam
811 1904 883 2001 ipsi
900 1905 965 2002 qui
991 1903 1149 1979 discunt
1169 1903 1237 1978 do·

140 2019 214 2093 celi
232 2045 317 2096 sese
332 2021 557 2121 intelligant.

189 2134 281 2212 Hoc
312 2137 510 2214 artificium
544 2137 683 2214 callide
712 2135 963 2237 deprehendit
995 2135 1052 2210 vir
1093 2135 1236 2212 exculti

138 2250 259 2326 multe
284 2252 518 2329 humanitate
543 2253 682 2352 ingenii
708 2250 961 2340 Corbinellus,
992 2245 1057 2352 spi
1086 2261 1236 2327 senten·

140 2363 212 2440 ties
237 2391 260 2440 e
284 2364 395 2442 Livio
422 2368 602 2445 collectas
629 2367 791 2443 contulit
818 2367 858 2443 in
879 2365 1059 2454 libellum3
1089 2365 1234 2442 editum
1243 2383 1397 2460 meumes

140 2477 298 2556 Parisiis
325 2507 426 2558 enno
454 2491 566 2562 1694.
619 2481 666 2558 In
691 2480 834 2558 monito
860 2481 965 2580 qnod
989 2479 1076 2556 huic
1105 2449 1382 2562 limllobhdl‘ll

136 2599 335 2692 prefixum
368 2609 438 2688 est,
467 2601 642 2676 observet
675 2598 810 2686 editor,
838 2597 973 2674 mirem
1001 2597 1233 2697 quibusdam
1243 2577 1398 2691 ffiffi

135 2711 296 2790 fortasse
320 2715 438 2792 videri
455 2741 583 2817 posse,
600 2717 707 2817 qnod
725 2715 789 2814 qni
808 2725 981 2792 lemnon
999 2715 1235 2790 sententiose
1243 2707 1321 2822 ¹322}
1333 2708 1388 2758 ¹¹²⁰

135 2827 329 2926 scripserit
346 2831 486 2922 Livius,
499 2842 577 2908 tam
594 2831 734 2907 multas
745 2855 794 2906 ex
811 2853 880 2906 suo
897 2855 1012 2931 opere
1028 2854 1232 2928 excerpen-

136 2943 209 3018 des
227 2950 437 3024 sententias
454 2949 665 3048 prebuerit.
717 2948 795 3023 Sed
817 2930 951 3047 nempe
978 2946 1150 3045 egregius
1176 2945 1232 3020 di-

136 3060 250 3136 oendi
268 3061 414 3153 artilex,
431 3089 523 3155 non,
544 3064 757 3162 Polybiane
780 3063 1032 3162 simplicitate,
1050 3073 1233 3162 tanquam

135 3197 345 3276 purpureos
362 3205 522 3280 pennos,
535 3180 739 3258 narrationi
757 3181 963 3256 sententias
976 3181 1105 3258 assuit.¹
1131 3179 1233 3254 Lon-

20 3329 22 3336 >
134 3315 183 3389 ge
205 3293 265 3393 illi,
279 3297 403 3392 major
428 3309 488 3372 est
515 3295 721 3373 venustatis
739 3306 777 3371 et
793 3296 1058 3394 aequabilitatis
1083 3298 1122 3372 in
1143 3295 1234 3372 seri-

135 3408 263 3486 bendo
282 3435 385 3488 cure.
437 3410 519 3490 Dat
542 3414 672 3512 itaque
698 3436 939 3512 operamne,
966 3416 1070 3512 quod
1097 3411 1235 3512 postea

135 3521 340 3602 Petronius
367 3530 525 3618 monuit,
553 3531 741 3606 sententie
769 3531 947 3606 emirreont
971 3543 1078 3604 aetra
1102 3552 1353 3628 corpoream.

133 3643 315 3719 metionis
330 3671 516 3747 expresse,
534 3650 598 3722 sed
612 3649 753 3721 intesto
768 3646 927 3722 vestibus
941 3648 1059 3720 colore
1073 3646 1229 3722 simunt.
1241 3619 1296 3666 ¹¹⁸

183 3764 273 3838 Jem
291 3759 404 3859 igitur
426 3788 571 3862 aequem
597 3763 647 3837 de
673 3761 783 3837 Livio
808 3761 981 3836 videmur
1008 3759 1102 3836 ferre
1120 3781 1398 3862 posseseeerueoe

135 3877 376 3956 sententiam.
429 3879 524 3954 Tres
542 3879 740 3980 praecipuae
758 3890 848 3954 sunt
864 3877 1028 3953 historiae
1046 3877 1170 3967 dotes,
1188 3852 1303 3966 ethin
1318 3852 1393 3898 Μ’

135 4019 234 4084 rere,
254 4007 296 4069 ut
307 3994 546 4090 jucundant
563 3996 666 4071 utilis
684 3996 744 4072 sit.
795 3996 928 4093 Atque
938 3996 1035 4070 adeo
1053 3995 1124 4069 trie
1142 4007 1231 4071 sunt

135 4110 301 4186 historici
319 4111 455 4199 officia,
475 4123 590 4187 utres
608 4122 737 4210 gestes
763 4136 850 4186 cnm
876 4112 952 4184 fide
978 4099 1231 4210 representet,

138 4226 240 4302 utiis
258 4228 465 4304 tractandis
483 4227 739 4340 eloquentiam
758 4218 951 4316 adhibeat,
971 4239 1014 4304 ut
1031 4229 1165 4304 heusta
1183 4253 1229 4300 ex
1333 4327 1337 4330 -

641 4371 663 4420 c
682 4351 705 4418 3
