3042 4980
477 196 830 279 remansio.
971 165 978 174 ’
1147 199 1212 276 nv

103 399 334 496 distinguere
348 405 464 500 opera
480 400 650 500 plerique
667 405 805 488 ament,
821 423 915 476 rane
926 399 1140 478 carendum
1154 409 1217 476 ert·

101 541 148 592 ne
165 526 235 592 aut
250 539 387 613 parum
406 514 554 591 Latinis
573 514 768 592 vocabulis
794 515 1129 616 locutionibusque
1154 514 1210 590 in-

100 631 306 730 quinemus
319 632 538 720 orationem,
553 643 618 708 ant
632 656 785 708 sensum
798 633 878 728 ejus
894 632 1058 708 auctoris
1071 657 1121 708 ex
1131 655 1212 732 quo

100 747 243 846 aliquid
265 748 424 825 mutuati
441 771 572 824 sumus
590 771 890 846 corrumpamus.
932 748 1064 833 Quum
1082 756 1211 823 autem

99 863 160 940 rix
187 862 368 962 cuiqnam
392 875 540 940 tantum
567 860 633 938 otii
658 863 835 962 supersit,
855 874 900 937 ut
925 863 1054 938 omnia
1079 885 1213 964 perse

99 999 211 1056 nnrrs‘
225 978 449 1077 inuestigare
474 990 600 1078 queat,
619 1001 787 1078 quonam
814 980 931 1054 modo
957 979 1038 1054 baec
1064 978 1212 1056 incom-

101 1097 219 1171 moda
236 1096 343 1171 vitari
368 1105 555 1193 poterunt,
573 1093 646 1170 nisi
672 1092 836 1194 sintqui
859 1094 1036 1192 religiose
1051 1117 1210 1196 perpeu·
1348 1094 1351 1103 '

89 1212 217 1288 ‘dandi
244 1213 544 1311 uniuscujusque
567 1211 746 1300 siccioris,
765 1224 804 1287 et
819 1212 1049 1312 explanandi
1075 1211 1107 1288 si
1123 1237 1210 1310 quae

101 1329 266 1404 obscura
284 1336 384 1421 sunt,
402 1353 486 1426 quae
512 1353 644 1426 parum
661 1340 752 1406 nota
778 1328 1006 1418 illustrandi,
1024 1351 1153 1409 curam
1171 1327 1213 1403 in

100 1469 140 1518 se
155 1442 371 1541 recipiant?
442 1481 443 1488 ι

147 1558 329 1658 Denique
346 1557 388 1632 in
405 1560 679 1656 depromendis
697 1585 745 1634 ex
762 1560 895 1636 veteris
913 1561 1079 1638 historiae
1096 1583 1208 1662 penu,

101 1677 201 1774 quod
229 1699 325 1750 sane
354 1673 645 1773 frequentissimi
674 1698 767 1750 usus
794 1687 863 1765 est,
892 1678 1014 1752 omnis
1046 1680 1211 1777 exempli

101 1790 355 1879 documentis,
373 1815 506 1879 errare,
525 1790 613 1879 labi,
638 1791 688 1866 ob
710 1793 823 1869 unius
849 1817 951 1926 supe
968 1794 1122 1884 verbuli,
1143 1805 1210 1870 aut

100 1909 265 1984 nominis
296 1907 409 2002 alicuj
415 1933 470 1998 us,
499 1917 565 1982 aut
596 1909 733 1984 vetusti
767 1909 884 1985 moris
919 1911 1207 2008 ignorationem,

99 2049 213 2123 quam
231 2034 356 2124 turpe,
374 2036 451 2122 tam
474 2023 642 2123 proclive
658 2034 729 2114 est,
747 2025 821 2101 nisi
844 2037 951 2126 regat
968 2028 1125 2126 vestigia
1143 2053 1209 2129 pe·

99 2140 154 2216 riti
170 2140 393 2240 interpretis
407 2165 554 2218 manus.

146 2257 225 2334 Sed
245 2266 297 2345 et,
316 2257 488 2357 quamvis
504 2257 665 2333 multum
685 2259 817 2353 jaceat
835 2257 934 2333 infra
950 2258 1157 2335 laudem
1124 2283 1266 2396 eJusrp¹¹¹
1246 2290 1340 2396 arpa:
1401 2279 1417 2308 ⁴

96 2375 166 2474 qui
182 2373 339 2474 proprio
359 2373 486 2448 Marte
502 2372 647 2474 aliquid
674 2373 810 2448 condit
826 2373 1029 2472 egregium,
1048 2355 1266 2474 οριιοειιζῗῗ
1250 2347 1369 2460 „uina

96 2490 312 2590 interpretis
331 2489 539 2588 diligentia,
559 2513 629 2565 sua
646 2497 774 2564 tamen
799 2490 900 2566 hunc
918 2511 1071 2589 quoque
1088 2490 1307 2590 gloriata,
1274 2477 1315 2538 ⁸¹⁰
1300 2476 1372 2552 ⁰¹¹⁸,

98 2616 241 2695 manet,
258 2632 329 2683 nec
347 2607 397 2682 ad
423 2605 661 2704 provinciam
687 2606 785 2683 banc
803 2617 905 2684 recte
931 2609 1210 2740 procurandam

98 2723 340 2798 solummodo
359 2722 488 2798 labore
505 2732 543 2798 et
560 2722 758 2811 industria,
777 2724 844 2800 sed
867 2723 1078 2824 perspicaci
1093 2725 1209 2802 inter-

99 2839 191 2914 dum
207 2837 375 2936 ingenio,
394 2838 603 2939 limatoque
622 2838 771 2936 judicio
793 2863 889 2940 opus
916 2865 1002 2916 esse
1026 2832 1210 2918 confiten-

98 2957 188 3032 dum
205 2961 279 3038 est.
334 2953 499 3044 Etenim,
518 2955 700 3033 utrarios
717 2966 894 3034 excutere
907 2956 1069 3033 ‘codices
1086 2968 1125 3033 ct
1142 2982 1212 3033 eos

98 3072 197 3150 inter
222 3073 466 3161 reconferre,
486 3073 894 3172 laboriosaepatientioe
918 3081 998 3162 est3
1025 3084 1067 3148 ut
1091 3075 1212 3150 multa

99 3188 248 3288 legisse,
269 3188 553 3286 perseverantiae
566 3199 612 3264 et
629 3188 882 3282 assiduitatis3
909 3190 1029 3267 multa
1052 3190 1214 3266 fideliter

100 3305 225 3380 animo
257 3304 502 3394 continuisse,
533 3306 737 3402 cujusdam
771 3305 960 3382 memoriae
996 3304 1212 3381 felicitatis:

99 3417 160 3510 ita,
179 3420 248 3522 qui
266 3421 433 3496 auctoris
451 3431 616 3516 mentem
634 3422 672 3497 in
698 3445 838 3520 magna
858 3447 959 3521 saepe
986 3421 1214 3498 difficultate

102 3549 299 3614 assecutus
317 3537 377 3626 sit,
398 3538 464 3637 qui
480 3537 587 3637 ipros
605 3536 804 3614 scribentis
822 3561 955 3612 seusus
975 3537 1152 3625 induerit,
1172 3547 1215 3613 ut

104 3679 148 3730 ex
163 3679 209 3730 eo
226 3679 348 3754 quem
362 3654 426 3728 ille
442 3653 659 3729 intuebatur
684 3677 817 3751 scopo,
834 3677 881 3728 ex
898 3651 944 3728 iis
964 3669 1048 3752 quae
1073 3675 1215 3753 praece-

105 3769 196 3847 dunt
221 3782 520 3871 sequunturque,
544 3779 703 3846 ex'tota
727 3769 1029 3857 ratiocinatione,
1057 3767 1216 3865 colligat

105 3887 199 3983 qnid'
220 3887 300 3963 dici
326 3887 515 3977 debuerit,
535 3878 605 3987 qui
628 3913 676 3962 ex
702 3911 840 3984 magno
868 3888 1052 3962 variarum
1079 3884 1213 3962 lectio-

106 4026 191 4079 num
209 4028 450 4082 acervo-eam
470 4028 554 4103 quae
572 4005 621 4080 ad
639 4027 805 4103 praesens
822 4001 1040 4076 institutum
1059 4027 1213 4078 accom-

110 4121 368 4198 modatissima
385 4131 455 4208 est,
475 4120 684 4219 prudenter
699 4118 862 4216 elegerit,
883 4117 948 4215 qui
975 4117 1139 4217 denique
1165 4144 1226 4193 ex.

111 4233 326 4314 deformatae'
342 4261 617 4336 nonnunquam
633 4234 825 4334 scripturae
839 4231 1003 4330 vestigiis
1015 4233 1140 4309 latens
1150 4257 1215 4307 ve-

155 4379 239 4434 vou.
261 4381 321 4432 ιν.
631 4351 678 4425 *a
