3056 4976
327 222 414 279 xcviii
555 291 558 296 Ι
724 215 1027 284 DrsPUTnTlo

372 381 463 449 Hinc
477 381 651 446 necessario
674 379 835 470 colligitur
857 382 1016 468 congium¹
1030 401 1178 466 capacem
1198 379 1292 448 fuisse
1306 401 1423 450 norom

326 468 548 534 tantummodo
562 468 715 534 librarum
730 468 961 534 memoriarum
971 467 1043 544 olei,
1059 489 1133 556 quas
1147 465 1286 533 efficiunt
1301 479 1425 552 septem

326 555 426 619 libras
437 566 469 618 st
483 577 539 620 sex
555 556 664 620 unnim
678 555 799 641 pondo.
837 554 948 631 Quium
962 575 1043 643 ergo
1051 555 1188 641 gravitas
1198 551 1345 638 specifica
1359 554 1424 620 olei

326 641 367 705 sit
381 641 423 712 ad
437 643 624 727 gravitatem
639 641 818 728 specificam
831 641 907 719 vini,
923 655 958 706 ut
973 651 1003 712 9.
1016 640 1058 705 ed
1072 650 1122 705 tt).
1137 641 1280 727 sequitur
1294 640 1423 726 pondus

162 737 221 792 vor
227 736 316 787 osort-
325 728 392 791 vini
405 730 521 817 congio
535 732 678 799 contenti
689 728 784 795 fuisso
794 727 1032 798 oetolibramm
1045 740 1077 796 et
1091 741 1228 814 quotuor
1242 729 1424 810 unciarum,

163 803 217 849 Μ’
229 804 308 914 ¹¹2¹¹d⁰
325 815 391 879 sive
405 829 533 880 centum
548 811 849 902 unciarum'pondo‚
865 837 929 879 non
946 827 1074 880 centum
1093 825 1126 879 et
1139 813 1262 904 viginti,
1276 828 1313 879 ut
1327 827 1424 880 antes

163 875 302 981 :summ
325 901 610 968 oreditumfuerst.

164 999 300 1075 Quatenus}
369 988 521 1066 Quonam
536 989 632 1054 modo
647 989 747 1078 igitur
760 1011 819 1054 eon
845 988 966 1054 'osdici
981 999 1087 1074 potest
1101 989 1199 1052 &corn
1216 989 1320 1070 posrdo
1332 985 1424 1056 esse?

162 1066 308 1176 {gss'ffiffl'
326 1077 463 1142 Necesse
484 1088 530 1141 est
552 1077 647 1153 enirm
664 1091 700 1141 ot
720 1075 797 1142 huic
817 1009 931 1140 dirmse
949 1074 1111 1161 loquendi,
1126 1096 1221 1158 quam
1242 1073 1425 1142 indubitsts

163 1195 212 1240 mi
223 1195 302 1242 dmm
324 1163 519 1249 antiquitatis
534 1176 740 1229 monumenta
754 1173 919 1238 testantur,
936 1172 1130 1226 soacenstet
1144 1160 1266 1228 veritas

162 1259 250 1319 pondo
369 1248 479 1314 Primo
493 1249 731 1315 observabimus
744 1270 804 1314 nec
816 1248 990 1314 mensurius
998 1247 1107 1314 decem
1117 1247 1224 1324 libres,
1236 1269 1295 1311 nec
1309 1245 1422 1310 decem

322 1336 421 1400 libres
434 1335 545 1421 pondo
558 1337 624 1400 nini
638 1347 802 1401 contentas
817 1337 934 1422 congio
947 1333 1052 1399 fuisse.
1084 1333 1159 1398 Non
1179 1332 1351 1398 memorias
1365 1333 1424 1398 de·

324 1444 392 1487 cem
406 1422 515 1510 libres.
561 1423 646 1486 Nam
669 1422 766 1487 libros
786 1421 847 1486 oiei
861 1422 1034 1486 memorias
1048 1441 1162 1484 novem
1179 1419 1324 1506 capiebat
1345 1434 1422 1490 cone

323 1511 406 1596 gius,
421 1523 458 1574 ot
472 1507 634 1575 vidimus.‘
655 1509 812 1595 Liquores
822 1523 929 1574 sutem
939 1509 1052 1573 mutati
1064 1528 1129 1572 non
1141 1519 1268 1572 mutant
1279 1505 1423 1571 varisca-

324 1595 504 1676 peoitatem.
537 1594 613 1659 Non
628 1594 738 1660 decem
751 1595 850 1660 libros
859 1594 924 1659 vini
935 1593 1054 1680 pondo.
1088 1592 1215 1658 Etenim
1229 1605 1349 1678 septem
1358 1592 1422 1658 olei

323 1681 421 1747 iibras
435 1681 546 1770 pondo
560 1703 633 1746 cnm
655 1683 784 1748 semisse
804 1681 997 1746 continebat.
1042 1681 1131 1768 Ergo
1150 1692 1186 1744 ut
1200 1670 1312 1745 deceni
1324 1679 1423 1744 libras

323 1767 433 1854 pondo
448 1769 515 1834 uini
531 1769 716 1846 contineret,
732 1775 861 1834 necesse
882 1779 971 1844 esset,
988 1779 1024 1832 nt
1104 1767 1183 1831 vites
1197 1767 1260 1832 otei
1274 1764 1422 1850 specifico

324 1866 404 1920 esset
418 1855 460 1920 ed
473 1856 660 1942 gravitatem
679 1853 756 1933 vini,
771 1869 808 1920 ut
824 1865 854 1920 ³.
870 1854 911 1920 ed
925 1863 957 1919 t.
974 1875 1038 1942 quo
1064 1865 1185 1940 aperto
1197 1851 1311 1918 salsum
1326 1864 1386 1918 cst.

369 1941 535 2032 Hocergo
548 1964 641 2006 sensu
662 1941 828 2007 dicebatur
850 1942 983 2029 congius
1005 1961 1072 2005 esse
1093 1942 1201 2005 decem
1221 1939 1286 2004 riui
1300 1939 1421 2024 pondo,

325 2028 411 2114 quod
425 2028 582 2116 ejusmodi
594 2028 718 2114 pondus
727 2028 793 2094 rini
804 2040 942 2113 cuperet,
954 2026 1042 2128 qnod
1052 2048 1111 2112 por
1122 2039 1202 2092 esset
1216 2025 1352 2112 ponderi
1366 2026 1424 2092 de·

324 2137 393 2179 cem
407 2114 561 2180 librarum
576 2115 639 2180 olei
653 2116 893 2180 memoriarum.
932 2113 1033 2179 Lrbre
1047 2113 1110 2178 olei
1125 2113 1284 2178 mensoria
1299 2124 1347 2178 est
1362 2134 1424 2178 un·

257 2192 260 2205 ’
312 2202 446 2266 ,οἰιιιιιιιι
461 2202 570 2290 pondo
585 2201 704 2266 decern.
736 2202 858 2267 Decem
870 2200 1069 2302 igiturolibrse
1081 2198 1423 2278 mensorimsireoen·

325 2300 394 2353 tum
417 2301 449 2354 et
467 2289 580 2376 viginti
602 2288 704 2355 unoiae
727 2288 894 2354 mensoriae
919 2287 981 2352 om
1009 2301 1139 2374 adurant
1160 2300 1289 2352 centum
1310 2287 1422 2352 uncias
1518 2319 1519 2346 ι

325 2374 455 2460 pourdos
474 2376 562 2462 quod
576 2375 682 2460 ipsum
698 2392 746 2442 est
760 2377 826 2440 vini
841 2374 958 2462 congio
971 2374 1112 2439 contenti
1127 2374 1262 2456 pondos
1518 2429 1519 2448 ,

162 2468 308 2520 Rationem
370 2461 467 2528 Nunc
483 2464 553 2548 jam
573 2462 665 2528 focile
687 2475 734 2528 est
749 2461 903 2528 rationem
920 2462 1010 2527 tibrae
1029 2460 1184 2525 Romanae
1205 2459 1313 2545 pondo
1327 2457 1369 2523 sd
1384 2457 1423 2522 ti·
1518 2449 1519 2472 ¹

162 2534 284 2646 noum
325 2549 419 2613 brom
429 2549 636 2618 Perisieusem
653 2571 854 2636 cognoscere.
887 2548 1033 2636 Congius
1044 2558 1172 2612 centum
1187 2545 1300 2612 uncias
1312 2545 1423 2632 pondo

163 2613 246 2712 {2222ss
256 2667 299 2713 p..
327 2637 390 2698 vini
405 2635 597 2700 continebat.
633 2636 723 2700 Idem
736 2637 869 2724 congius
884 2657 968 2721 oque
979 2632 1423 2720 fontsnoplenusdiligeotis·

66 2795 70 2802 A
160 2730 293 2779 titienses·
325 2721 404 2786 sime
417 2743 576 2807 appensus
597 2723 638 2786 ab
661 2721 834 2786 clarissimo
851 2722 999 2798 Aozutio,
1014 2720 1162 2785 inventus
1183 2733 1230 2785 est
1246 2731 1423 2786 consumet
1515 2755 1518 2786 τ

325 2822 398 2872 octo
413 2808 521 2872 uncias
539 2807 727 2873 Porisienses
749 2809 832 2874 illius
854 2831 946 2895 aquus
968 2807 1134 2873 continere
1149 2828 1221 2872 cum
1239 2818 1423 2892 septem,·ut
1517 2801 1518 2813 ¹

324 2907 450 2970 vocent,
461 2896 587 2980 grossis,
599 2907 632 2958 et
641 2896 749 2981 granis
760 2909 833 2960 octo
847 2915 944 2980 sopra
958 2893 1177 2981 quodraginta.
1213 2891 1304 2958 Hinc
1315 2892 1424 2958 stetim

324 2993 456 3066 opponet
470 2980 600 3048 unciam
616 2981 794 3046 Romanam
810 2981 986 3070 graviorem
1001 2980 1098 3045 foisse
1110 2980 1205 3045 uncia
1220 2979 1401 3046 Perisiensi.

369 3067 435 3132 Sed
444 3066 590 3132 observat
600 3067 684 3132 idem
697 3069 744 3132 vir
756 3067 957 3144 clarissimus,
970 3089 1064 3158 quem
1078 3067 1130 3132 bic
1140 3080 1303 3132 auctorem
1318 3067 1424 3153 sequi·
1516 3091 1517 3100 ¹

325 3165 406 3234 nour,
423 3153 611 3232 Lobarreus,
624 3155 821 3242 aliquantum
836 3155 943 3220 exilio
955 3154 1097 3240 pondere
1111 3153 1198 3241 quod
1212 3153 1425 3239 deprehendit

323 3241 577 3305 accuratissimus
592 3242 748 3308 Auzutius
762 3241 994 3311 detrabendum
1012 3263 1089 3318 esse,
1105 3255 1142 3306 ut
1156 3263 1265 3306 rerum
1280 3241 1423 3305 invenia-

324 3343 387 3392 tur.
422 3327 561 3406 Etenim,
574 3329 600 3392 si
612 3351 662 3392 res
673 3330 712 3393 ad
726 3351 882 3394 summam
895 3327 1092 3416 diligentiam
1104 3327 1261 3416 exigatur,
1275 3339 1306 3392 et
1318 3327 1424 3392 omnis
1515 3373 1516 3384 ι

323 3413 1422 3502 squarinumponderesuperot‚etequafontansflumineemsquamr
1515 3429 1516 3444 ¹

322 3514 353 3564 et
376 3514 532 3585 praeteres
551 3503 687 3591 congius
705 3504 916 3568 Farnesienus
938 3503 980 3566 ob
999 3499 1131 3568 nimiam
1147 3513 1336 3566 vetustatem
1352 3503 1422 3588 qui-

322 3585 457 3652 busdam
468 3588 604 3658 sinuosis
615 3588 821 3656 amfractibus
831 3600 1011 3670 excavatus,
1022 3588 1170 3673 cspscior
1178 3590 1246 3676 jam
1258 3587 1424 3678 aliquanto

321 3672 423 3740 fectus
437 3689 495 3753 est,
510 3698 606 3762 quam
622 3676 773 3762 primitus
787 3675 899 3741 fueret.
1281 3688 1285 3695 ’
1475 3682 1479 3690 ’
1514 3717 1515 3746 ι

367 3760 434 3828 Hm
448 3783 557 3828 omnes
572 3783 677 3830 ocosse
690 3763 723 3828 in
735 3785 838 3830 unum
848 3772 1059 3849 congruentes
1069 3783 1135 3828 oon
1146 3761 1247 3832 levem
1260 3760 1337 3828 risse
1348 3775 1425 3828 suot
1514 3759 1515 3776 ¹

321 3847 577 3914 imminutionem
591 3849 765 3935 postulare.
803 3848 916 3936 ltaque
930 3847 1013 3914 libro
1028 3849 1187 3927 Romane,
1199 3871 1282 3937 quse,
1300 3850 1328 3912 si
1341 3848 1425 3913 nihii

320 3932 536 3999 discederetur
550 3934 591 4000 ab
605 3934 747 4021 pondere
762 3934 953 4014 Auzutiano,
966 3948 1045 4001 esset
1056 3936 1228 4001 unciarum.
1238 3947 1423 4001 nostrarum

321 4019 554 4088 tredecimoum
587 4022 1128 4092 contessadocessimombarreo
1136 4022 1426 4090 aestimsturuuciis
1513 4027 1514 4050 *

321 4044 737 4174 Porisiensibosdnodecim:
745 4123 871 4175 tentum
883 4133 955 4175 cum
967 4111 1143 4188 sarnensisy
1152 4110 1216 4176 sire
1226 4111 1334 4199 gmnis
1346 4118 1422 4175 288.

319 4193 364 4258 its
373 4206 408 4260 ut
417 4197 511 4259 uncia
524 4190 670 4263 Romana
681 4217 741 4280 par
751 4197 845 4264 merit
852 4198 963 4286 granis
972 4197 1246 4288 nostratibosddd.
1260 4219 1332 4286 quse
1345 4203 1422 4266 576.
1512 4239 1513 4242 ¹

319 4279 447 4349 unciam
463 4285 634 4350 nostratem
648 4284 801 4352 efficiunt.
844 4287 954 4372 Atque
972 4283 1038 4352 buc
1054 4285 1265 4354 estimatione
1279 4283 1426 4354 metenti

277 4415 287 4422 ,
319 4363 452 4450 fuimus,
466 4379 502 4432 ut
517 4390 589 4455 quae
603 4369 694 4449 nihii,
710 4384 766 4437 sert
780 4393 899 4458 porum
909 4371 1088 4438 sdmodom
1099 4393 1209 4440 overe
1223 4374 1324 4438 obest.
