<?xml version="1.0" encoding="UTF-8"?>
<!DOCTYPE html PUBLIC "-//W3C//DTD XHTML 1.0 Transitional//EN"
    "http://www.w3.org/TR/xhtml1/DTD/xhtml1-transitional.dtd">
<html xmlns="http://www.w3.org/1999/xhtml" xml:lang="en" lang="en">
 <head>
  <title>
</title>
<meta http-equiv="Content-Type" content="text/html;charset=utf-8" />
  <meta name='ocr-system' content='tesseract 3.04.00' />
  <meta name='ocr-capabilities' content='ocr_page ocr_carea ocr_par ocr_line ocrx_word'/>
</head>
<body>
  <div class='ocr_page' id='page_1' title='image "./tliviipatavinih03crevgoog_0412.png"; bbox 0 0 3116 4986; ppageno 0'>
   <div class='ocr_carea' id='block_1_1' title="bbox 445 211 1280 294">
    <p class='ocr_par' dir='ltr' id='par_1_1' title="bbox 445 211 1280 294">
     <span class='ocr_line' id='line_1_1' title="bbox 445 211 1280 294; baseline 0.001 -4"><span class='ocrx_word' id='word_1_1' title='bbox 445 228 647 292; x_wconf 72' lang='lat' dir='ltr'><em>mneos.</em></span> <span class='ocrx_word' id='word_1_2' title='bbox 681 231 895 293; x_wconf 74' lang='lat' dir='ltr'><em>mersen.</em></span> <span class='ocrx_word' id='word_1_3' title='bbox 1136 231 1201 294; x_wconf 61' lang='grc' dir='ltr'><em>εει</em></span> <span class='ocrx_word' id='word_1_4' title='bbox 1277 211 1280 226; x_wconf 81' lang='grc'>’</span> 
     </span>
    </p>
   </div>
   <div class='ocr_carea' id='block_1_2' title="bbox 600 499 784 605">
    <p class='ocr_par' dir='ltr' id='par_1_2' title="bbox 600 499 784 605">
     <span class='ocr_line' id='line_1_2' title="bbox 600 499 784 605; baseline 0 -25"><span class='ocrx_word' id='word_1_5' title='bbox 600 499 732 580; x_wconf 80' lang='lat' dir='ltr'><em>exn.</em></span> <span class='ocrx_word' id='word_1_6' title='bbox 782 599 784 605; x_wconf 66' lang='lat'><em>,</em></span> 
     </span>
    </p>
   </div>
   <div class='ocr_carea' id='block_1_3' title="bbox 128 727 1229 1843">
    <p class='ocr_par' dir='ltr' id='par_1_3' title="bbox 128 727 1229 1843">
     <span class='ocr_line' id='line_1_3' title="bbox 184 727 1191 812; baseline 0 -20"><span class='ocrx_word' id='word_1_7' title='bbox 184 729 366 812; x_wconf 84' lang='lat' dir='ltr'><em>Trepidatio</em></span> <span class='ocrx_word' id='word_1_8' title='bbox 391 729 537 792; x_wconf 85' lang='lat' dir='ltr'><em>uictarum</em></span> <span class='ocrx_word' id='word_1_9' title='bbox 558 729 695 810; x_wconf 87' lang='lat' dir='ltr'><em>partium</em></span> <span class='ocrx_word' id='word_1_10' title='bbox 726 729 916 791; x_wconf 83' lang='lat' dir='ltr'><em>indiversus</em></span> <span class='ocrx_word' id='word_1_11' title='bbox 940 727 1191 792; x_wconf 82' lang='lat' dir='ltr'><em>orbisterrarum</em></span> 
     </span>
     <span class='ocr_line' id='line_1_4' title="bbox 128 813 1190 900; baseline 0 -22"><span class='ocrx_word' id='word_1_12' title='bbox 128 825 238 898; x_wconf 93' lang='lat' dir='ltr'><em>portes</em></span> <span class='ocrx_word' id='word_1_13' title='bbox 263 825 293 878; x_wconf 91' lang='lat' dir='ltr'><em>et</em></span> <span class='ocrx_word' id='word_1_14' title='bbox 304 816 393 900; x_wconf 85' lang='lat' dir='ltr'><em>fuga</em></span> <span class='ocrx_word' id='word_1_15' title='bbox 418 815 600 898; x_wconf 69' lang='lat' dir='ltr'><em>rq&#39;eruntur.</em></span> <span class='ocrx_word' id='word_1_16' title='bbox 647 813 702 878; x_wconf 83' lang='lat' dir='ltr'><em>Cn.</em></span> <span class='ocrx_word' id='word_1_17' title='bbox 720 814 890 896; x_wconf 90' lang='lat' dir='ltr'><em>Pompeius,</em></span> <span class='ocrx_word' id='word_1_18' title='bbox 914 835 1001 897; x_wconf 84' lang='lat' dir='ltr'><em>quum</em></span> <span class='ocrx_word' id='word_1_19' title='bbox 1022 813 1190 899; x_wconf 76' lang='lat' dir='ltr'><em>AEgpptum</em></span> 
     </span>
     <span class='ocr_line' id='line_1_5' title="bbox 129 900 1191 986; baseline -0.001 -22"><span class='ocrx_word' id='word_1_20' title='bbox 129 903 267 984; x_wconf 86' lang='lat' dir='ltr'><em>petisset,</em></span> <span class='ocrx_word' id='word_1_21' title='bbox 272 923 363 985; x_wconf 77' lang='lat' dir='ltr'><em>pussu</em></span> <span class='ocrx_word' id='word_1_22' title='bbox 380 901 538 964; x_wconf 83' lang='lat' dir='ltr'><em>Ptolemai</em></span> <span class='ocrx_word' id='word_1_23' title='bbox 555 902 637 986; x_wconf 87' lang='lat' dir='ltr'><em>regis</em></span> <span class='ocrx_word' id='word_1_24' title='bbox 653 901 781 982; x_wconf 89' lang='lat' dir='ltr'><em>pupilli,</em></span> <span class='ocrx_word' id='word_1_25' title='bbox 796 909 919 963; x_wconf 88' lang='lat' dir='ltr'><em>auctore</em></span> <span class='ocrx_word' id='word_1_26' title='bbox 939 900 1090 963; x_wconf 88' lang='lat' dir='ltr'><em>Tbeodoto</em></span> <span class='ocrx_word' id='word_1_27' title='bbox 1106 921 1191 982; x_wconf 78' lang='lat' dir='ltr'><em>pree·</em></span> 
     </span>
     <span class='ocr_line' id='line_1_6' title="bbox 137 986 1189 1072; baseline -0.002 -22"><span class='ocrx_word' id='word_1_28' title='bbox 137 997 265 1069; x_wconf 90' lang='lat' dir='ltr'><em>ceptore,</em></span> <span class='ocrx_word' id='word_1_29' title='bbox 281 986 364 1072; x_wconf 80' lang='lat' dir='ltr'><em>cujm</em></span> <span class='ocrx_word' id='word_1_30' title='bbox 382 1007 496 1070; x_wconf 89' lang='lat' dir='ltr'><em>magna</em></span> <span class='ocrx_word' id='word_1_31' title='bbox 511 987 596 1068; x_wconf 89' lang='lat' dir='ltr'><em>apud</em></span> <span class='ocrx_word' id='word_1_32' title='bbox 615 1007 712 1069; x_wconf 87' lang='lat' dir='ltr'><em>regem</em></span> <span class='ocrx_word' id='word_1_33' title='bbox 727 987 894 1048; x_wconf 80' lang='lat' dir='ltr'><em>auctoritas</em></span> <span class='ocrx_word' id='word_1_34' title='bbox 907 995 984 1060; x_wconf 90' lang='lat' dir='ltr'><em>erat,</em></span> <span class='ocrx_word' id='word_1_35' title='bbox 1001 996 1030 1049; x_wconf 90' lang='lat' dir='ltr'><em>et</em></span> <span class='ocrx_word' id='word_1_36' title='bbox 1043 987 1189 1062; x_wconf 81' lang='lat' dir='ltr'><em>Pothino,</em></span> 
     </span>
     <span class='ocr_line' id='line_1_7' title="bbox 136 1071 1191 1155; baseline 0 -20"><span class='ocrx_word' id='word_1_37' title='bbox 136 1075 248 1138; x_wconf 87' lang='lat' dir='ltr'><em>occisus</em></span> <span class='ocrx_word' id='word_1_38' title='bbox 261 1083 305 1137; x_wconf 92' lang='lat' dir='ltr'><em>est</em></span> <span class='ocrx_word' id='word_1_39' title='bbox 319 1073 359 1135; x_wconf 92' lang='lat' dir='ltr'><em>ab</em></span> <span class='ocrx_word' id='word_1_40' title='bbox 373 1071 507 1148; x_wconf 81' lang='lat' dir='ltr'><em>Achilla,</em></span> <span class='ocrx_word' id='word_1_41' title='bbox 523 1073 572 1136; x_wconf 90' lang='lat' dir='ltr'><em>cui</em></span> <span class='ocrx_word' id='word_1_42' title='bbox 592 1072 628 1134; x_wconf 88' lang='lat' dir='ltr'><em>id</em></span> <span class='ocrx_word' id='word_1_43' title='bbox 635 1073 766 1155; x_wconf 82' lang='lat' dir='ltr'><em>facinus</em></span> <span class='ocrx_word' id='word_1_44' title='bbox 780 1080 848 1134; x_wconf 91' lang='lat' dir='ltr'><em>erat</em></span> <span class='ocrx_word' id='word_1_45' title='bbox 862 1071 1038 1154; x_wconf 86' lang='lat' dir='ltr'><em>delegatum,</em></span> <span class='ocrx_word' id='word_1_46' title='bbox 1055 1073 1089 1134; x_wconf 91' lang='lat' dir='ltr'><em>in</em></span> <span class='ocrx_word' id='word_1_47' title='bbox 1103 1075 1191 1135; x_wconf 85' lang='lat' dir='ltr'><em>naai-</em></span> 
     </span>
     <span class='ocr_line' id='line_1_8' title="bbox 137 1156 1191 1242; baseline -0.002 -20"><span class='ocrx_word' id='word_1_48' title='bbox 137 1161 216 1235; x_wconf 83' lang='lat' dir='ltr'><em>cula,</em></span> <span class='ocrx_word' id='word_1_49' title='bbox 232 1169 394 1242; x_wconf 84' lang='lat' dir='ltr'><em>antequam</em></span> <span class='ocrx_word' id='word_1_50' title='bbox 409 1160 443 1222; x_wconf 93' lang='lat' dir='ltr'><em>in</em></span> <span class='ocrx_word' id='word_1_51' title='bbox 456 1168 570 1222; x_wconf 91' lang='lat' dir='ltr'><em>terram</em></span> <span class='ocrx_word' id='word_1_52' title='bbox 584 1158 691 1220; x_wconf 86' lang='lat' dir='ltr'><em>eniret.</em></span> <span class='ocrx_word' id='word_1_53' title='bbox 729 1156 873 1221; x_wconf 86' lang='lat' dir='ltr'><em>Cornelia</em></span> <span class='ocrx_word' id='word_1_54' title='bbox 887 1179 964 1220; x_wconf 84' lang='lat' dir='ltr'><em>uuor</em></span> <span class='ocrx_word' id='word_1_55' title='bbox 978 1167 1008 1220; x_wconf 90' lang='lat' dir='ltr'><em>et</em></span> <span class='ocrx_word' id='word_1_56' title='bbox 1020 1158 1088 1222; x_wconf 83' lang='lat' dir='ltr'><em>Sea.</em></span> <span class='ocrx_word' id='word_1_57' title='bbox 1098 1159 1191 1222; x_wconf 93' lang='lat' dir='ltr'><em>Pom-</em></span> 
     </span>
     <span class='ocr_line' id='line_1_9' title="bbox 129 1243 1199 1330; baseline -0.003 -22"><span class='ocrx_word' id='word_1_58' title='bbox 129 1247 222 1328; x_wconf 89' lang='lat' dir='ltr'><em>peius</em></span> <span class='ocrx_word' id='word_1_59' title='bbox 222 1245 316 1326; x_wconf 79' lang='lat' dir='ltr'><em>filins</em></span> <span class='ocrx_word' id='word_1_60' title='bbox 331 1246 454 1330; x_wconf 72' lang='lat' dir='ltr'><em>Cypron</em></span> <span class='ocrx_word' id='word_1_61' title='bbox 475 1243 659 1328; x_wconf 70' lang='lat' dir='ltr'><em>refingerunt.</em></span> <span class='ocrx_word' id='word_1_62' title='bbox 707 1243 820 1320; x_wconf 84' lang='lat' dir='ltr'><em>Caesar,</em></span> <span class='ocrx_word' id='word_1_63' title='bbox 831 1253 902 1324; x_wconf 89' lang='lat' dir='ltr'><em>post</em></span> <span class='ocrx_word' id='word_1_64' title='bbox 915 1246 1035 1306; x_wconf 88' lang='lat' dir='ltr'><em>tertium</em></span> <span class='ocrx_word' id='word_1_65' title='bbox 1051 1245 1129 1308; x_wconf 85' lang='lat' dir='ltr'><em>diem</em></span> <span class='ocrx_word' id='word_1_66' title='bbox 1144 1246 1199 1313; x_wconf 79' lang='lat' dir='ltr'><em>im,</em></span> 
     </span>
     <span class='ocr_line' id='line_1_10' title="bbox 137 1325 1194 1414; baseline -0.002 -20"><span class='ocrx_word' id='word_1_67' title='bbox 137 1340 260 1407; x_wconf 88' lang='lat' dir='ltr'><em>secutus,</em></span> <span class='ocrx_word' id='word_1_68' title='bbox 277 1352 365 1414; x_wconf 86' lang='lat' dir='ltr'><em>quum</em></span> <span class='ocrx_word' id='word_1_69' title='bbox 379 1333 410 1393; x_wconf 88' lang='lat' dir='ltr'><em>ei</em></span> <span class='ocrx_word' id='word_1_70' title='bbox 427 1331 595 1394; x_wconf 77' lang='lat' dir='ltr'><em>Theodotus</em></span> <span class='ocrx_word' id='word_1_71' title='bbox 609 1338 700 1412; x_wconf 89' lang='lat' dir='ltr'><em>caput</em></span> <span class='ocrx_word' id='word_1_72' title='bbox 713 1330 856 1411; x_wconf 89' lang='lat' dir='ltr'><em>Pompeii</em></span> <span class='ocrx_word' id='word_1_73' title='bbox 869 1325 899 1391; x_wconf 84' lang='lat' dir='ltr'><em>et</em></span> <span class='ocrx_word' id='word_1_74' title='bbox 913 1332 1056 1392; x_wconf 75' lang='lat' dir='ltr'><em>amiculum</em></span> <span class='ocrx_word' id='word_1_75' title='bbox 1070 1330 1194 1392; x_wconf 89' lang='lat' dir='ltr'><em>obtulis-</em></span> 
     </span>
     <span class='ocr_line' id='line_1_11' title="bbox 137 1415 1193 1500; baseline -0.003 -19"><span class='ocrx_word' id='word_1_76' title='bbox 137 1427 192 1492; x_wconf 85' lang='lat' dir='ltr'><em>set,</em></span> <span class='ocrx_word' id='word_1_77' title='bbox 212 1415 276 1480; x_wconf 77' lang='lat' dir='ltr'><em>⁹⁰et</em></span> <span class='ocrx_word' id='word_1_78' title='bbox 300 1417 435 1500; x_wconf 68' lang='lat' dir='ltr'><em>iry&#39;ensus</em></span> <span class='ocrx_word' id='word_1_79' title='bbox 455 1425 508 1493; x_wconf 91' lang='lat' dir='ltr'><em>est,</em></span> <span class='ocrx_word' id='word_1_80' title='bbox 524 1425 553 1478; x_wconf 93' lang='lat' dir='ltr'><em>et</em></span> <span class='ocrx_word' id='word_1_81' title='bbox 576 1415 789 1478; x_wconf 84' lang='lat' dir='ltr'><em>inlacrimauit.</em></span> <span class='ocrx_word' id='word_1_82' title='bbox 814 1417 880 1478; x_wconf 89' lang='lat' dir='ltr'><em>sine</em></span> <span class='ocrx_word' id='word_1_83' title='bbox 903 1416 1037 1496; x_wconf 86' lang='lat' dir='ltr'><em>periculo</em></span> <span class='ocrx_word' id='word_1_84' title='bbox 1057 1416 1193 1478; x_wconf 71' lang='lat' dir='ltr'><em>Alemon-</em></span> 
     </span>
     <span class='ocr_line' id='line_1_12' title="bbox 139 1501 1194 1578; baseline -0.002 -12"><span class='ocrx_word' id='word_1_85' title='bbox 139 1504 240 1566; x_wconf 85' lang='lat' dir='ltr'><em>driam</em></span> <span class='ocrx_word' id='word_1_86' title='bbox 254 1504 481 1566; x_wconf 82' lang='lat' dir='ltr'><em>tumultuantem</em></span> <span class='ocrx_word' id='word_1_87' title='bbox 498 1502 638 1565; x_wconf 84' lang='lat' dir='ltr'><em>intravit.</em></span> <span class='ocrx_word' id='word_1_88' title='bbox 685 1501 798 1574; x_wconf 76' lang='lat' dir='ltr'><em>Cesar,</em></span> <span class='ocrx_word' id='word_1_89' title='bbox 815 1502 948 1564; x_wconf 87' lang='lat' dir='ltr'><em>dictator</em></span> <span class='ocrx_word' id='word_1_90' title='bbox 962 1510 1088 1578; x_wconf 88' lang='lat' dir='ltr'><em>creatus,</em></span> <span class='ocrx_word' id='word_1_91' title='bbox 1107 1503 1194 1568; x_wconf 85' lang='lat' dir='ltr'><em>Cleo·</em></span> 
     </span>
     <span class='ocr_line' id='line_1_13' title="bbox 133 1586 1194 1673; baseline 0 -22"><span class='ocrx_word' id='word_1_92' title='bbox 133 1597 261 1673; x_wconf 86' lang='lat' dir='ltr'><em>patrum</em></span> <span class='ocrx_word' id='word_1_93' title='bbox 272 1590 305 1650; x_wconf 91' lang='lat' dir='ltr'><em>in</em></span> <span class='ocrx_word' id='word_1_94' title='bbox 315 1609 438 1672; x_wconf 86' lang='lat' dir='ltr'><em>regnum</em></span> <span class='ocrx_word' id='word_1_95' title='bbox 451 1588 586 1672; x_wconf 80' lang='lat' dir='ltr'><em>AEgypti</em></span> <span class='ocrx_word' id='word_1_96' title='bbox 595 1587 727 1666; x_wconf 81' lang='lat' dir='ltr'><em>reducit,</em></span> <span class='ocrx_word' id='word_1_97' title='bbox 738 1596 768 1649; x_wconf 92' lang='lat' dir='ltr'><em>et</em></span> <span class='ocrx_word' id='word_1_98' title='bbox 778 1588 955 1670; x_wconf 66' lang='lat' dir='ltr'><em>irfferentem</em></span> <span class='ocrx_word' id='word_1_99' title='bbox 969 1586 1078 1650; x_wconf 88' lang='lat' dir='ltr'><em>bellum</em></span> <span class='ocrx_word' id='word_1_100' title='bbox 1090 1590 1194 1652; x_wconf 88' lang='lat' dir='ltr'><em>iisdem</em></span> 
     </span>
     <span class='ocr_line' id='line_1_14' title="bbox 138 1672 1229 1756; baseline 0.001 -20"><span class='ocrx_word' id='word_1_101' title='bbox 138 1674 310 1738; x_wconf 88' lang='lat' dir='ltr'><em>auctoribus</em></span> <span class='ocrx_word' id='word_1_102' title='bbox 334 1675 541 1752; x_wconf 84' lang='lat' dir='ltr'><em>Ptolemaeum,</em></span> <span class='ocrx_word' id='word_1_103' title='bbox 565 1673 670 1755; x_wconf 87' lang='lat' dir='ltr'><em>quibus</em></span> <span class='ocrx_word' id='word_1_104' title='bbox 694 1673 870 1753; x_wconf 88' lang='lat' dir='ltr'><em>Pompeium</em></span> <span class='ocrx_word' id='word_1_105' title='bbox 900 1672 1104 1756; x_wconf 81' lang='lat' dir='ltr'><em>interfecerat,</em></span> <span class='ocrx_word' id='word_1_106' title='bbox 1131 1695 1194 1738; x_wconf 91' lang='lat' dir='ltr'><em>cnm</em></span> <span class='ocrx_word' id='word_1_107' title='bbox 1227 1691 1229 1696; x_wconf 84' lang='lat'>·</span> 
     </span>
     <span class='ocr_line' id='line_1_15' title="bbox 139 1759 1196 1843; baseline -0.001 -20"><span class='ocrx_word' id='word_1_108' title='bbox 139 1781 249 1843; x_wconf 85' lang='lat' dir='ltr'><em>magno</em></span> <span class='ocrx_word' id='word_1_109' title='bbox 266 1781 319 1824; x_wconf 88' lang='lat' dir='ltr'><em>sno</em></span> <span class='ocrx_word' id='word_1_110' title='bbox 341 1761 515 1824; x_wconf 81' lang='lat' dir='ltr'><em>discrimine</em></span> <span class='ocrx_word' id='word_1_111' title='bbox 534 1761 617 1822; x_wconf 83' lang='lat' dir='ltr'><em>uicit.</em></span> <span class='ocrx_word' id='word_1_112' title='bbox 666 1759 842 1842; x_wconf 69' lang='lat' dir='ltr'><em>Ptolemaus</em></span> <span class='ocrx_word' id='word_1_113' title='bbox 863 1759 932 1821; x_wconf 90' lang='lat' dir='ltr'><em>dum</em></span> <span class='ocrx_word' id='word_1_114' title='bbox 941 1759 1045 1842; x_wconf 86' lang='lat' dir='ltr'><em>sugit,</em></span> <span class='ocrx_word' id='word_1_115' title='bbox 1069 1762 1102 1823; x_wconf 91' lang='lat' dir='ltr'><em>in</em></span> <span class='ocrx_word' id='word_1_116' title='bbox 1118 1759 1196 1822; x_wconf 89' lang='lat' dir='ltr'><em>Nilo</em></span> 
     </span>
    </p>
   </div>
   <div class='ocr_carea' id='block_1_4' title="bbox 139 1843 1320 1930">
    <p class='ocr_par' dir='ltr' id='par_1_4' title="bbox 139 1843 1320 1930">
     <span class='ocr_line' id='line_1_16' title="bbox 139 1843 1320 1930; baseline -0.002 -22"><span class='ocrx_word' id='word_1_117' title='bbox 139 1847 282 1909; x_wconf 83' lang='lat' dir='ltr'><em>navicula</em></span> <span class='ocrx_word' id='word_1_118' title='bbox 296 1845 437 1910; x_wconf 86' lang='lat' dir='ltr'><em>subsedit.</em></span> <span class='ocrx_word' id='word_1_119' title='bbox 463 1847 621 1910; x_wconf 66' lang='lat' dir='ltr'><em>Praetereo</em></span> <span class='ocrx_word' id='word_1_120' title='bbox 635 1844 816 1906; x_wconf 91' lang='lat' dir='ltr'><em>laboriosum</em></span> <span class='ocrx_word' id='word_1_121' title='bbox 831 1843 880 1907; x_wconf 88' lang='lat' dir='ltr'><em>M.</em></span> <span class='ocrx_word' id='word_1_122' title='bbox 895 1845 1022 1908; x_wconf 86' lang='lat' dir='ltr'><em>Catonis</em></span> <span class='ocrx_word' id='word_1_123' title='bbox 1035 1844 1068 1907; x_wconf 89' lang='lat' dir='ltr'><em>in</em></span> <span class='ocrx_word' id='word_1_124' title='bbox 1082 1845 1195 1930; x_wconf 85' lang='lat' dir='ltr'><em>Africa</em></span> <span class='ocrx_word' id='word_1_125' title='bbox 1315 1873 1320 1881; x_wconf 85' lang='lat'><strong>·</strong></span> 
     </span>
    </p>
   </div>
   <div class='ocr_carea' id='block_1_5' title="bbox 132 1930 1194 2100">
    <p class='ocr_par' dir='ltr' id='par_1_5' title="bbox 132 1930 1194 2100">
     <span class='ocr_line' id='line_1_17' title="bbox 132 1930 1194 2015; baseline 0 -20"><span class='ocrx_word' id='word_1_126' title='bbox 132 1934 322 2014; x_wconf 90' lang='lat' dir='ltr'><em>perdeserta</em></span> <span class='ocrx_word' id='word_1_127' title='bbox 336 1953 400 1994; x_wconf 89' lang='lat' dir='ltr'><em>cum</em></span> <span class='ocrx_word' id='word_1_128' title='bbox 415 1931 582 2015; x_wconf 84' lang='lat' dir='ltr'><em>legionibus</em></span> <span class='ocrx_word' id='word_1_129' title='bbox 592 1931 661 2007; x_wconf 92' lang='lat' dir='ltr'><em>iter,</em></span> <span class='ocrx_word' id='word_1_130' title='bbox 674 1940 704 1994; x_wconf 94' lang='lat' dir='ltr'><em>et</em></span> <span class='ocrx_word' id='word_1_131' title='bbox 717 1930 823 1994; x_wconf 90' lang='lat' dir='ltr'><em>bellum</em></span> <span class='ocrx_word' id='word_1_132' title='bbox 838 1951 857 1991; x_wconf 92' lang='lat' dir='ltr'><em>a</em></span> <span class='ocrx_word' id='word_1_133' title='bbox 875 1930 931 1994; x_wconf 84' lang='lat' dir='ltr'><em>Cn.</em></span> <span class='ocrx_word' id='word_1_134' title='bbox 942 1931 1080 1995; x_wconf 87' lang='lat' dir='ltr'><em>Domitio</em></span> <span class='ocrx_word' id='word_1_135' title='bbox 1088 1941 1194 1996; x_wconf 90' lang='lat' dir='ltr'><em>contra</em></span> 
     </span>
     <span class='ocr_line' id='line_1_18' title="bbox 138 2017 924 2100; baseline -0.003 -18"><span class='ocrx_word' id='word_1_136' title='bbox 138 2019 331 2082; x_wconf 78' lang='lat' dir='ltr'><em>Pharnacem</em></span> <span class='ocrx_word' id='word_1_137' title='bbox 344 2017 487 2100; x_wconf 74' lang='lat' dir='ltr'><em>⁹1parum</em></span> <span class='ocrx_word' id='word_1_138' title='bbox 496 2037 643 2100; x_wconf 81' lang='lat' dir='ltr'><em>prospere</em></span> <span class='ocrx_word' id='word_1_139' title='bbox 652 2025 768 2100; x_wconf 87' lang='lat' dir='ltr'><em>gestum</em></span> <span class='ocrx_word' id='word_1_140' title='bbox 781 2017 924 2080; x_wconf 90' lang='lat' dir='ltr'><em>continet.</em></span> 
     </span>
    </p>
   </div>
   <div class='ocr_carea' id='block_1_6' title="bbox 574 2299 747 2444">
    <p class='ocr_par' dir='ltr' id='par_1_6' title="bbox 574 2299 747 2444">
     <span class='ocr_line' id='line_1_19' title="bbox 574 2299 747 2444; baseline -0.023 0"><span class='ocrx_word' id='word_1_141' title='bbox 574 2299 747 2444; x_wconf 77' lang='lat' dir='ltr'><em>omn.</em></span> 
     </span>
    </p>
   </div>
   <div class='ocr_carea' id='block_1_7' title="bbox 91 2589 1202 3709">
    <p class='ocr_par' dir='ltr' id='par_1_7' title="bbox 91 2589 1202 3709">
     <span class='ocr_line' id='line_1_20' title="bbox 183 2589 1197 2676; baseline -0.002 -18"><span class='ocrx_word' id='word_1_142' title='bbox 183 2593 377 2676; x_wconf 79' lang='lat' dir='ltr'><em>Coryirmatis</em></span> <span class='ocrx_word' id='word_1_143' title='bbox 392 2594 425 2654; x_wconf 89' lang='lat' dir='ltr'><em>in</em></span> <span class='ocrx_word' id='word_1_144' title='bbox 434 2589 546 2676; x_wconf 83' lang='lat' dir='ltr'><em>Africa</em></span> <span class='ocrx_word' id='word_1_145' title='bbox 555 2593 752 2673; x_wconf 84' lang='lat' dir='ltr'><em>Pompeianis</em></span> <span class='ocrx_word' id='word_1_146' title='bbox 762 2590 914 2672; x_wconf 88' lang='lat' dir='ltr'><em>partibus,</em></span> <span class='ocrx_word' id='word_1_147' title='bbox 926 2591 1084 2673; x_wconf 87' lang='lat' dir='ltr'><em>imperium</em></span> <span class='ocrx_word' id='word_1_148' title='bbox 1096 2614 1197 2656; x_wconf 87' lang='lat' dir='ltr'><em>earum</em></span> 
     </span>
     <span class='ocr_line' id='line_1_21' title="bbox 140 2677 1199 2760; baseline 0 -17"><span class='ocrx_word' id='word_1_149' title='bbox 140 2681 181 2743; x_wconf 86' lang='lat' dir='ltr'><em>P.</em></span> <span class='ocrx_word' id='word_1_150' title='bbox 195 2679 336 2760; x_wconf 74' lang='lat' dir='ltr'><em>Scipioni</em></span> <span class='ocrx_word' id='word_1_151' title='bbox 349 2680 481 2741; x_wconf 88' lang='lat' dir='ltr'><em>delatum</em></span> <span class='ocrx_word' id='word_1_152' title='bbox 496 2687 556 2749; x_wconf 86' lang='lat' dir='ltr'><em>est,-</em></span> <span class='ocrx_word' id='word_1_153' title='bbox 582 2678 706 2752; x_wconf 85' lang='lat' dir='ltr'><em>Catone,</em></span> <span class='ocrx_word' id='word_1_154' title='bbox 723 2679 772 2739; x_wconf 79' lang='lat' dir='ltr'><em>ari</em></span> <span class='ocrx_word' id='word_1_155' title='bbox 786 2698 824 2740; x_wconf 83' lang='lat' dir='ltr'><em>ec</em></span> <span class='ocrx_word' id='word_1_156' title='bbox 836 2697 923 2760; x_wconf 83' lang='lat' dir='ltr'><em>aquo</em></span> <span class='ocrx_word' id='word_1_157' title='bbox 937 2677 1128 2757; x_wconf 85' lang='lat' dir='ltr'><em>deferebatur</em></span> <span class='ocrx_word' id='word_1_158' title='bbox 1142 2682 1199 2743; x_wconf 91' lang='lat' dir='ltr'><em>im·</em></span> 
     </span>
     <span class='ocr_line' id='line_1_22' title="bbox 131 2763 1198 2850; baseline 0.002 -22"><span class='ocrx_word' id='word_1_159' title='bbox 131 2767 266 2848; x_wconf 86' lang='lat' dir='ltr'><em>perium,</em></span> <span class='ocrx_word' id='word_1_160' title='bbox 281 2766 411 2828; x_wconf 82' lang='lat' dir='ltr'><em>cedente.</em></span> <span class='ocrx_word' id='word_1_161' title='bbox 433 2766 479 2827; x_wconf 90' lang='lat' dir='ltr'><em>Et</em></span> <span class='ocrx_word' id='word_1_162' title='bbox 493 2785 580 2846; x_wconf 85' lang='lat' dir='ltr'><em>quum</em></span> <span class='ocrx_word' id='word_1_163' title='bbox 596 2764 633 2826; x_wconf 90' lang='lat' dir='ltr'><em>de</em></span> <span class='ocrx_word' id='word_1_164' title='bbox 647 2764 798 2826; x_wconf 87' lang='lat' dir='ltr'><em>diruenda</em></span> <span class='ocrx_word' id='word_1_165' title='bbox 813 2763 885 2825; x_wconf 88' lang='lat' dir='ltr'><em>urbe</em></span> <span class='ocrx_word' id='word_1_166' title='bbox 904 2765 996 2827; x_wconf 88' lang='lat' dir='ltr'><em>Utica</em></span> <span class='ocrx_word' id='word_1_167' title='bbox 1004 2775 1135 2848; x_wconf 83' lang='lat' dir='ltr'><em>propter</em></span> <span class='ocrx_word' id='word_1_168' title='bbox 1136 2767 1198 2850; x_wconf 85' lang='lat' dir='ltr'><em>sa-</em></span> 
     </span>
     <span class='ocr_line' id='line_1_23' title="bbox 137 2848 1198 2933; baseline 0.002 -18"><span class='ocrx_word' id='word_1_169' title='bbox 137 2871 237 2915; x_wconf 84' lang='lat' dir='ltr'><em>aorem</em></span> <span class='ocrx_word' id='word_1_170' title='bbox 251 2851 387 2914; x_wconf 86' lang='lat' dir='ltr'><em>civitatis</em></span> <span class='ocrx_word' id='word_1_171' title='bbox 401 2848 463 2933; x_wconf 59' lang='lat' dir='ltr'><em>pus</em></span> <span class='ocrx_word' id='word_1_172' title='bbox 478 2851 511 2913; x_wconf 90' lang='lat' dir='ltr'><em>in</em></span> <span class='ocrx_word' id='word_1_173' title='bbox 528 2851 678 2914; x_wconf 83' lang='lat' dir='ltr'><em>Casorem</em></span> <span class='ocrx_word' id='word_1_174' title='bbox 692 2849 922 2925; x_wconf 84' lang='lat' dir='ltr'><em>deliberaretur,</em></span> <span class='ocrx_word' id='word_1_175' title='bbox 939 2851 1029 2933; x_wconf 85' lang='lat' dir='ltr'><em>idque</em></span> <span class='ocrx_word' id='word_1_176' title='bbox 1043 2872 1082 2913; x_wconf 88' lang='lat' dir='ltr'><em>me</em></span> <span class='ocrx_word' id='word_1_177' title='bbox 1093 2851 1198 2932; x_wconf 85' lang='lat' dir='ltr'><em>fieret,</em></span> 
     </span>
     <span class='ocr_line' id='line_1_24' title="bbox 91 2925 1200 3023; baseline 0.003 -23"><span class='ocrx_word' id='word_1_178' title='bbox 91 2963 98 2973; x_wconf 95' lang='lat'><strong>·</strong></span> <span class='ocrx_word' id='word_1_179' title='bbox 139 2937 190 3000; x_wconf 90' lang='lat' dir='ltr'><em>M.</em></span> <span class='ocrx_word' id='word_1_180' title='bbox 208 2937 286 3000; x_wconf 79' lang='lat' dir='ltr'><em>Cato</em></span> <span class='ocrx_word' id='word_1_181' title='bbox 308 2937 458 3013; x_wconf 85' lang='lat' dir='ltr'><em>tenuisset,</em></span> <span class='ocrx_word' id='word_1_182' title='bbox 474 2935 557 3002; x_wconf 84' lang='lat' dir='ltr'><em>ana</em></span> <span class='ocrx_word' id='word_1_183' title='bbox 582 2925 786 3009; x_wconf 73' lang='lat' dir='ltr'><em>madente,‘ut</em></span> <span class='ocrx_word' id='word_1_184' title='bbox 806 2937 979 2999; x_wconf 87' lang='lat' dir='ltr'><em>dirueretur</em></span> <span class='ocrx_word' id='word_1_185' title='bbox 983 2971 995 3008; x_wconf 92' lang='lat'><em>,·</em></span> <span class='ocrx_word' id='word_1_186' title='bbox 1019 2941 1115 3002; x_wconf 88' lang='lat' dir='ltr'><em>tutela</em></span> <span class='ocrx_word' id='word_1_187' title='bbox 1137 2939 1200 3023; x_wconf 80' lang='lat' dir='ltr'><em>ejm</em></span> 
     </span>
     <span class='ocr_line' id='line_1_25' title="bbox 138 3020 1200 3106; baseline 0.003 -20"><span class='ocrx_word' id='word_1_188' title='bbox 138 3033 170 3086; x_wconf 88' lang='lat' dir='ltr'><em>et</em></span> <span class='ocrx_word' id='word_1_189' title='bbox 183 3023 321 3086; x_wconf 70' lang='lat' dir='ltr'><em>custodia</em></span> <span class='ocrx_word' id='word_1_190' title='bbox 335 3025 482 3086; x_wconf 89' lang='lat' dir='ltr'><em>mandata</em></span> <span class='ocrx_word' id='word_1_191' title='bbox 496 3031 539 3086; x_wconf 90' lang='lat' dir='ltr'><em>est</em></span> <span class='ocrx_word' id='word_1_192' title='bbox 556 3022 679 3086; x_wconf 84' lang='lat' dir='ltr'><em>Catoni.</em></span> <span class='ocrx_word' id='word_1_193' title='bbox 708 3020 734 3059; x_wconf 83' lang='lat'><em>⁹²</em></span> <span class='ocrx_word' id='word_1_194' title='bbox 741 3022 797 3085; x_wconf 85' lang='lat' dir='ltr'><em>Cn.</em></span> <span class='ocrx_word' id='word_1_195' title='bbox 812 3022 975 3104; x_wconf 89' lang='lat' dir='ltr'><em>Pompeius</em></span> <span class='ocrx_word' id='word_1_196' title='bbox 989 3023 1111 3106; x_wconf 85' lang='lat' dir='ltr'><em>Magni</em></span> <span class='ocrx_word' id='word_1_197' title='bbox 1112 3025 1200 3106; x_wconf 77' lang='lat' dir='ltr'><em>filins</em></span> 
     </span>
     <span class='ocr_line' id='line_1_26' title="bbox 139 3107 1199 3192; baseline 0.001 -20"><span class='ocrx_word' id='word_1_198' title='bbox 139 3109 175 3172; x_wconf 86' lang='lat' dir='ltr'><em>in</em></span> <span class='ocrx_word' id='word_1_199' title='bbox 186 3109 359 3190; x_wconf 84' lang='lat' dir='ltr'><em>Hispania,</em></span> <span class='ocrx_word' id='word_1_200' title='bbox 369 3109 533 3172; x_wconf 90' lang='lat' dir='ltr'><em>contractis</em></span> <span class='ocrx_word' id='word_1_201' title='bbox 543 3107 668 3184; x_wconf 83' lang='lat' dir='ltr'><em>uiribus,</em></span> <span class='ocrx_word' id='word_1_202' title='bbox 681 3127 808 3190; x_wconf 75' lang='lat' dir='ltr'><em>quamn</em></span> <span class='ocrx_word' id='word_1_203' title='bbox 819 3108 958 3170; x_wconf 79' lang='lat' dir='ltr'><em>denatum</em></span> <span class='ocrx_word' id='word_1_204' title='bbox 972 3129 1027 3170; x_wconf 92' lang='lat' dir='ltr'><em>nec</em></span> <span class='ocrx_word' id='word_1_205' title='bbox 1035 3109 1199 3192; x_wconf 87' lang='lat' dir='ltr'><em>Afranius,</em></span> 
     </span>
     <span class='ocr_line' id='line_1_27' title="bbox 138 3191 1200 3276; baseline 0 -18"><span class='ocrx_word' id='word_1_206' title='bbox 138 3215 194 3258; x_wconf 85' lang='lat' dir='ltr'><em>nec</em></span> <span class='ocrx_word' id='word_1_207' title='bbox 205 3195 345 3258; x_wconf 82' lang='lat' dir='ltr'><em>Petreius</em></span> <span class='ocrx_word' id='word_1_208' title='bbox 359 3195 496 3276; x_wconf 84' lang='lat' dir='ltr'><em>eacipere</em></span> <span class='ocrx_word' id='word_1_209' title='bbox 510 3193 659 3269; x_wconf 83' lang='lat' dir='ltr'><em>uolebant,</em></span> <span class='ocrx_word' id='word_1_210' title='bbox 671 3191 777 3256; x_wconf 89' lang='lat' dir='ltr'><em>bellum</em></span> <span class='ocrx_word' id='word_1_211' title='bbox 791 3194 934 3256; x_wconf 83' lang='lat' dir='ltr'><em>adversus</em></span> <span class='ocrx_word' id='word_1_212' title='bbox 951 3193 1098 3258; x_wconf 80' lang='lat' dir='ltr'><em>Caesarem</em></span> <span class='ocrx_word' id='word_1_213' title='bbox 1112 3217 1200 3258; x_wconf 90' lang='lat' dir='ltr'><em>reno·</em></span> 
     </span>
     <span class='ocr_line' id='line_1_28' title="bbox 139 3279 1202 3356; baseline -0.002 -10"><span class='ocrx_word' id='word_1_214' title='bbox 139 3279 231 3346; x_wconf 78' lang='lat' dir='ltr'><em>vovit.</em></span> <span class='ocrx_word' id='word_1_215' title='bbox 271 3281 458 3356; x_wconf 81' lang='lat' dir='ltr'><em>Pharnaces,</em></span> <span class='ocrx_word' id='word_1_216' title='bbox 471 3279 671 3342; x_wconf 79' lang='lat' dir='ltr'><em>Matrtdctts</em></span> <span class='ocrx_word' id='word_1_217' title='bbox 682 3279 775 3353; x_wconf 67' lang='lat' dir='ltr'><em>ilius,</em></span> <span class='ocrx_word' id='word_1_218' title='bbox 786 3299 842 3340; x_wconf 84' lang='lat' dir='ltr'><em>rea</em></span> <span class='ocrx_word' id='word_1_219' title='bbox 855 3279 961 3356; x_wconf 87' lang='lat' dir='ltr'><em>Ponti,</em></span> <span class='ocrx_word' id='word_1_220' title='bbox 970 3279 1037 3342; x_wconf 87' lang='lat' dir='ltr'><em>sine</em></span> <span class='ocrx_word' id='word_1_221' title='bbox 1050 3281 1114 3343; x_wconf 91' lang='lat' dir='ltr'><em>nlla</em></span> <span class='ocrx_word' id='word_1_222' title='bbox 1130 3281 1202 3344; x_wconf 90' lang='lat' dir='ltr'><em>belli</em></span> 
     </span>
     <span class='ocr_line' id='line_1_29' title="bbox 138 3365 1201 3448; baseline -0.001 -18"><span class='ocrx_word' id='word_1_223' title='bbox 138 3387 225 3430; x_wconf 93' lang='lat' dir='ltr'><em>mora</em></span> <span class='ocrx_word' id='word_1_224' title='bbox 239 3367 334 3429; x_wconf 82' lang='lat' dir='ltr'><em>uictus</em></span> <span class='ocrx_word' id='word_1_225' title='bbox 348 3376 401 3430; x_wconf 91' lang='lat' dir='ltr'><em>est.</em></span> <span class='ocrx_word' id='word_1_226' title='bbox 449 3367 545 3439; x_wconf 65' lang='lat' dir='ltr'><em>Qum</em></span> <span class='ocrx_word' id='word_1_227' title='bbox 565 3366 728 3428; x_wconf 85' lang='lat' dir='ltr'><em>seditiones</em></span> <span class='ocrx_word' id='word_1_228' title='bbox 741 3365 850 3448; x_wconf 68' lang='lat' dir='ltr'><em>Roma</em></span> <span class='ocrx_word' id='word_1_229' title='bbox 862 3385 883 3426; x_wconf 92' lang='lat' dir='ltr'><em>a</em></span> <span class='ocrx_word' id='word_1_230' title='bbox 898 3365 939 3427; x_wconf 91' lang='lat' dir='ltr'><em>P.</em></span> <span class='ocrx_word' id='word_1_231' title='bbox 957 3365 1124 3430; x_wconf 81' lang='lat' dir='ltr'><em>Dolabella</em></span> <span class='ocrx_word' id='word_1_232' title='bbox 1142 3368 1201 3429; x_wconf 88' lang='lat' dir='ltr'><em>tri·</em></span> 
     </span>
     <span class='ocr_line' id='line_1_30' title="bbox 140 3449 1201 3536; baseline -0.001 -21"><span class='ocrx_word' id='word_1_233' title='bbox 140 3451 219 3516; x_wconf 92' lang='lat' dir='ltr'><em>buno</em></span> <span class='ocrx_word' id='word_1_234' title='bbox 230 3450 341 3534; x_wconf 90' lang='lat' dir='ltr'><em>plebis,</em></span> <span class='ocrx_word' id='word_1_235' title='bbox 356 3452 449 3536; x_wconf 84' lang='lat' dir='ltr'><em>legem</em></span> <span class='ocrx_word' id='word_1_236' title='bbox 459 3452 587 3535; x_wconf 90' lang='lat' dir='ltr'><em>ferente</em></span> <span class='ocrx_word' id='word_1_237' title='bbox 607 3452 645 3513; x_wconf 89' lang='lat' dir='ltr'><em>de</em></span> <span class='ocrx_word' id='word_1_238' title='bbox 658 3451 744 3514; x_wconf 86' lang='lat' dir='ltr'><em>novis</em></span> <span class='ocrx_word' id='word_1_239' title='bbox 755 3449 880 3526; x_wconf 84' lang='lat' dir='ltr'><em>tabulis,</em></span> <span class='ocrx_word' id='word_1_240' title='bbox 896 3451 1037 3514; x_wconf 82' lang='lat' dir='ltr'><em>eccitatce</em></span> <span class='ocrx_word' id='word_1_241' title='bbox 1051 3463 1155 3526; x_wconf 89' lang='lat' dir='ltr'><em>essent,</em></span> <span class='ocrx_word' id='word_1_242' title='bbox 1172 3462 1201 3515; x_wconf 88' lang='lat' dir='ltr'><em>et</em></span> 
     </span>
     <span class='ocr_line' id='line_1_31' title="bbox 138 3536 1200 3620; baseline 0 -19"><span class='ocrx_word' id='word_1_243' title='bbox 138 3559 178 3601; x_wconf 83' lang='lat' dir='ltr'><em>ec</em></span> <span class='ocrx_word' id='word_1_244' title='bbox 191 3560 229 3604; x_wconf 89' lang='lat' dir='ltr'><em>ea</em></span> <span class='ocrx_word' id='word_1_245' title='bbox 250 3558 355 3601; x_wconf 86' lang='lat' dir='ltr'><em>caussa</em></span> <span class='ocrx_word' id='word_1_246' title='bbox 371 3537 459 3620; x_wconf 89' lang='lat' dir='ltr'><em>plebs</em></span> <span class='ocrx_word' id='word_1_247' title='bbox 479 3538 722 3612; x_wconf 88' lang='lat' dir='ltr'><em>tumultuaretur,</em></span> <span class='ocrx_word' id='word_1_248' title='bbox 738 3537 870 3599; x_wconf 88' lang='lat' dir='ltr'><em>inductis</em></span> <span class='ocrx_word' id='word_1_249' title='bbox 884 3558 905 3598; x_wconf 88' lang='lat' dir='ltr'><em>a</em></span> <span class='ocrx_word' id='word_1_250' title='bbox 920 3537 970 3600; x_wconf 88' lang='lat' dir='ltr'><em>M.</em></span> <span class='ocrx_word' id='word_1_251' title='bbox 984 3536 1121 3601; x_wconf 85' lang='lat' dir='ltr'><em>Antonio</em></span> <span class='ocrx_word' id='word_1_252' title='bbox 1135 3560 1200 3601; x_wconf 90' lang='lat' dir='ltr'><em>mo·</em></span> 
     </span>
     <span class='ocr_line' id='line_1_32' title="bbox 135 3622 1198 3709; baseline -0.001 -21"><span class='ocrx_word' id='word_1_253' title='bbox 135 3625 236 3709; x_wconf 85' lang='lat' dir='ltr'><em>gistro</em></span> <span class='ocrx_word' id='word_1_254' title='bbox 250 3625 381 3708; x_wconf 85' lang='lat' dir='ltr'><em>equitnm</em></span> <span class='ocrx_word' id='word_1_255' title='bbox 397 3624 430 3686; x_wconf 92' lang='lat' dir='ltr'><em>in</em></span> <span class='ocrx_word' id='word_1_256' title='bbox 444 3623 544 3687; x_wconf 91' lang='lat' dir='ltr'><em>urbem</em></span> <span class='ocrx_word' id='word_1_257' title='bbox 559 3622 716 3702; x_wconf 89' lang='lat' dir='ltr'><em>militibus,</em></span> <span class='ocrx_word' id='word_1_258' title='bbox 729 3623 897 3708; x_wconf 82' lang='lat' dir='ltr'><em>octingenti</em></span> <span class='ocrx_word' id='word_1_259' title='bbox 911 3645 926 3684; x_wconf 87' lang='lat' dir='ltr'><em>c</em></span> <span class='ocrx_word' id='word_1_260' title='bbox 934 3622 1024 3704; x_wconf 90' lang='lat' dir='ltr'><em>plebe</em></span> <span class='ocrx_word' id='word_1_261' title='bbox 1037 3625 1108 3686; x_wconf 87' lang='lat' dir='ltr'><em>caesi</em></span> <span class='ocrx_word' id='word_1_262' title='bbox 1120 3634 1198 3702; x_wconf 80' lang='lat' dir='ltr'><em>sunt.</em></span> 
     </span>
    </p>
   </div>
   <div class='ocr_carea' id='block_1_8' title="bbox 137 3871 1206 4008">
    <p class='ocr_par' dir='ltr' id='par_1_8' title="bbox 137 3871 1206 4008">
     <span class='ocr_line' id='line_1_33' title="bbox 173 3871 1204 3942; baseline 0 -16"><span class='ocrx_word' id='word_1_263' title='bbox 173 3879 205 3926; x_wconf 81' lang='grc'><em>90</em></span> <span class='ocrx_word' id='word_1_264' title='bbox 220 3879 257 3926; x_wconf 81' lang='lat' dir='ltr'><em>Et</em></span> <span class='ocrx_word' id='word_1_265' title='bbox 273 3879 376 3941; x_wconf 76' lang='lat' dir='ltr'><em>inserens</em></span> <span class='ocrx_word' id='word_1_266' title='bbox 394 3885 437 3938; x_wconf 77' lang='lat' dir='ltr'><em>eet,</em></span> <span class='ocrx_word' id='word_1_267' title='bbox 452 3884 474 3927; x_wconf 91' lang='lat' dir='ltr'><em>et</em></span> <span class='ocrx_word' id='word_1_268' title='bbox 490 3880 652 3940; x_wconf 73' lang='lat' dir='ltr'><em>utaupmavtr.</em></span> <span class='ocrx_word' id='word_1_269' title='bbox 683 3878 799 3942; x_wconf 78' lang='lat' dir='ltr'><em>jusserat,</em></span> <span class='ocrx_word' id='word_1_270' title='bbox 811 3871 1017 3940; x_wconf 72' lang='lat' dir='ltr'><em>Inde‘Pompeiuc.</em></span> <span class='ocrx_word' id='word_1_271' title='bbox 1051 3881 1097 3925; x_wconf 86' lang='lat' dir='ltr'><em>Sed</em></span> <span class='ocrx_word' id='word_1_272' title='bbox 1114 3879 1204 3927; x_wconf 66' lang='lat' dir='ltr'><em>eldrade</em></span> 
     </span>
     <span class='ocr_line' id='line_1_34' title="bbox 137 3941 1206 4008; baseline -0.001 -16"><span class='ocrx_word' id='word_1_273' title='bbox 137 3945 189 3992; x_wconf 74' lang='lat' dir='ltr'><em>sine</em></span> <span class='ocrx_word' id='word_1_274' title='bbox 203 3941 473 4008; x_wconf 74' lang='lat' dir='ltr'><em>pmmn]1.egecum</em></span> <span class='ocrx_word' id='word_1_275' title='bbox 490 3945 654 3999; x_wconf 86' lang='lat' dir='ltr'><em>Gronovio,et</em></span> <span class='ocrx_word' id='word_1_276' title='bbox 686 3945 726 3990; x_wconf 87' lang='lat' dir='ltr'><em>hio</em></span> <span class='ocrx_word' id='word_1_277' title='bbox 734 3957 910 4004; x_wconf 79' lang='lat' dir='ltr'><em>supervacuum</em></span> <span class='ocrx_word' id='word_1_278' title='bbox 922 3953 970 3990; x_wconf 87' lang='lat' dir='ltr'><em>est.</em></span> <span class='ocrx_word' id='word_1_279' title='bbox 995 3945 1115 3991; x_wconf 81' lang='lat' dir='ltr'><em>Proeterea</em></span> <span class='ocrx_word' id='word_1_280' title='bbox 1126 3958 1206 4004; x_wconf 89' lang='lat' dir='ltr'><em>quum</em></span> 
     </span>
    </p>
   </div>
   <div class='ocr_carea' id='block_1_9' title="bbox 20 4008 1206 4087">
    <p class='ocr_par' dir='ltr' id='par_1_9' title="bbox 20 4008 1206 4087">
     <span class='ocr_line' id='line_1_35' title="bbox 20 4008 1206 4087; baseline 0.001 -33"><span class='ocrx_word' id='word_1_281' title='bbox 20 4012 32 4028; x_wconf 78' lang='lat'><strong><em>¹</em></strong></span> <span class='ocrx_word' id='word_1_282' title='bbox 138 4009 239 4087; x_wconf 71' lang='lat' dir='ltr'><em>offensus</em></span> <span class='ocrx_word' id='word_1_283' title='bbox 254 4013 296 4064; x_wconf 77' lang='lat' dir='ltr'><em>ert,</em></span> <span class='ocrx_word' id='word_1_284' title='bbox 314 4014 336 4057; x_wconf 92' lang='lat' dir='ltr'><em>et</em></span> <span class='ocrx_word' id='word_1_285' title='bbox 354 4009 510 4069; x_wconf 66' lang='lat' dir='ltr'><em>illacrymavit</em></span> <span class='ocrx_word' id='word_1_286' title='bbox 516 4024 526 4062; x_wconf 95' lang='lat'><em>,·</em></span> <span class='ocrx_word' id='word_1_287' title='bbox 544 4022 585 4055; x_wconf 89' lang='lat' dir='ltr'><em>neo</em></span> <span class='ocrx_word' id='word_1_288' title='bbox 605 4009 654 4056; x_wconf 80' lang='lat' dir='ltr'><em>sine</em></span> <span class='ocrx_word' id='word_1_289' title='bbox 686 4010 735 4055; x_wconf 88' lang='lat' dir='ltr'><em>duo</em></span> <span class='ocrx_word' id='word_1_290' title='bbox 747 4009 789 4054; x_wconf 87' lang='lat' dir='ltr'><em>filii</em></span> <span class='ocrx_word' id='word_1_291' title='bbox 800 4008 910 4068; x_wconf 85' lang='lat' dir='ltr'><em>Pompeii</em></span> <span class='ocrx_word' id='word_1_292' title='bbox 920 4012 1009 4063; x_wconf 78' lang='lat' dir='ltr'><em>essent,</em></span> <span class='ocrx_word' id='word_1_293' title='bbox 1021 4008 1063 4068; x_wconf 90' lang='lat' dir='ltr'><em>qui</em></span> <span class='ocrx_word' id='word_1_294' title='bbox 1075 4010 1206 4069; x_wconf 82' lang='lat' dir='ltr'><em>praenomi·</em></span> 
     </span>
    </p>
   </div>
   <div class='ocr_carea' id='block_1_10' title="bbox 132 4072 1253 4458">
    <p class='ocr_par' dir='ltr' id='par_1_10' title="bbox 132 4072 1253 4458">
     <span class='ocr_line' id='line_1_36' title="bbox 132 4072 1207 4135; baseline -0.001 -15"><span class='ocrx_word' id='word_1_295' title='bbox 132 4073 248 4135; x_wconf 74' lang='lat' dir='ltr'><em>pertendo.</em></span> <span class='ocrx_word' id='word_1_296' title='bbox 687 4073 758 4120; x_wconf 79' lang='lat' dir='ltr'><em>nibus</em></span> <span class='ocrx_word' id='word_1_297' title='bbox 777 4072 994 4132; x_wconf 85' lang='lat' dir='ltr'><em>distinguebantur,</em></span> <span class='ocrx_word' id='word_1_298' title='bbox 1016 4073 1145 4119; x_wconf 80' lang='lat' dir='ltr'><em>verisimile</em></span> <span class='ocrx_word' id='word_1_299' title='bbox 1165 4075 1207 4120; x_wconf 87' lang='lat' dir='ltr'><em>ad-</em></span> 
     </span>
     <span class='ocr_line' id='line_1_37' title="bbox 172 4136 1207 4200; baseline 0 -16"><span class='ocrx_word' id='word_1_300' title='bbox 172 4138 203 4184; x_wconf 82' lang='lat'><em>91</em></span> <span class='ocrx_word' id='word_1_301' title='bbox 220 4137 314 4184; x_wconf 85' lang='lat' dir='ltr'><em>Parum</em></span> <span class='ocrx_word' id='word_1_302' title='bbox 330 4136 447 4200; x_wconf 75' lang='lat' dir='ltr'><em>prospare]</em></span> <span class='ocrx_word' id='word_1_303' title='bbox 464 4138 554 4184; x_wconf 86' lang='lat' dir='ltr'><em>Vocem</em></span> <span class='ocrx_word' id='word_1_304' title='bbox 567 4151 655 4197; x_wconf 86' lang='lat' dir='ltr'><em>parum</em></span> <span class='ocrx_word' id='word_1_305' title='bbox 687 4139 788 4184; x_wconf 88' lang='lat' dir='ltr'><em>modum</em></span> <span class='ocrx_word' id='word_1_306' title='bbox 806 4143 843 4182; x_wconf 87' lang='lat' dir='ltr'><em>est</em></span> <span class='ocrx_word' id='word_1_307' title='bbox 857 4143 981 4183; x_wconf 84' lang='lat' dir='ltr'><em>auctorem</em></span> <span class='ocrx_word' id='word_1_308' title='bbox 997 4138 1123 4196; x_wconf 78' lang='lat' dir='ltr'><em>epitomes,</em></span> <span class='ocrx_word' id='word_1_309' title='bbox 1137 4138 1160 4183; x_wconf 87' lang='lat' dir='ltr'><em>ei</em></span> <span class='ocrx_word' id='word_1_310' title='bbox 1177 4139 1207 4184; x_wconf 83' lang='lat' dir='ltr'><em>de</em></span> 
     </span>
     <span class='ocr_line' id='line_1_38' title="bbox 136 4199 1206 4274; baseline -0.002 -24"><span class='ocrx_word' id='word_1_311' title='bbox 136 4199 227 4264; x_wconf 74' lang='lat' dir='ltr'><em>adjecit</em></span> <span class='ocrx_word' id='word_1_312' title='bbox 238 4201 350 4274; x_wconf 65' lang='lat' dir='ltr'><em>Sigonius</em></span> <span class='ocrx_word' id='word_1_313' title='bbox 358 4217 388 4250; x_wconf 82' lang='lat' dir='ltr'><em>ex</em></span> <span class='ocrx_word' id='word_1_314' title='bbox 399 4203 506 4250; x_wconf 83' lang='lat' dir='ltr'><em>hitorioe</em></span> <span class='ocrx_word' id='word_1_315' title='bbox 515 4202 569 4249; x_wconf 88' lang='lat' dir='ltr'><em>fide.</em></span> <span class='ocrx_word' id='word_1_316' title='bbox 599 4202 664 4249; x_wconf 68' lang='lat' dir='ltr'><em>via</em></span> <span class='ocrx_word' id='word_1_317' title='bbox 690 4214 738 4260; x_wconf 91' lang='lat' dir='ltr'><em>quo</em></span> <span class='ocrx_word' id='word_1_318' title='bbox 749 4202 835 4261; x_wconf 77' lang='lat' dir='ltr'><em>egebat</em></span> <span class='ocrx_word' id='word_1_319' title='bbox 846 4213 919 4246; x_wconf 84' lang='lat' dir='ltr'><em>suum</em></span> <span class='ocrx_word' id='word_1_320' title='bbox 929 4215 1070 4260; x_wconf 83' lang='lat' dir='ltr'><em>praenomen</em></span> <span class='ocrx_word' id='word_1_321' title='bbox 1080 4201 1206 4248; x_wconf 80' lang='lat' dir='ltr'><em>addidisse.</em></span> 
     </span>
     <span class='ocr_line' id='line_1_39' title="bbox 137 4265 1253 4327; baseline -0.002 -13"><span class='ocrx_word' id='word_1_322' title='bbox 137 4267 214 4314; x_wconf 76' lang='lat' dir='ltr'><em>finem</em></span> <span class='ocrx_word' id='word_1_323' title='bbox 226 4266 300 4326; x_wconf 72' lang='lat' dir='ltr'><em>hujus</em></span> <span class='ocrx_word' id='word_1_324' title='bbox 308 4267 371 4315; x_wconf 83' lang='lat' dir='ltr'><em>libri.</em></span> <span class='ocrx_word' id='word_1_325' title='bbox 417 4313 420 4316; x_wconf 86' lang='grc'><strong>,</strong></span> <span class='ocrx_word' id='word_1_326' title='bbox 689 4267 771 4326; x_wconf 78' lang='lat' dir='ltr'><em>Atque</em></span> <span class='ocrx_word' id='word_1_327' title='bbox 782 4266 843 4312; x_wconf 84' lang='lat' dir='ltr'><em>illud</em></span> <span class='ocrx_word' id='word_1_328' title='bbox 856 4265 919 4311; x_wconf 80' lang='lat' dir='ltr'><em>clare</em></span> <span class='ocrx_word' id='word_1_329' title='bbox 935 4279 1073 4326; x_wconf 84' lang='lat' dir='ltr'><em>expressum</em></span> <span class='ocrx_word' id='word_1_330' title='bbox 1090 4267 1209 4327; x_wconf 80' lang='lat' dir='ltr'><em>reperitur</em></span> <span class='ocrx_word' id='word_1_331' title='bbox 1250 4307 1253 4312; x_wconf 89' lang='lat'><em>.</em></span> 
     </span>
     <span class='ocr_line' id='line_1_40' title="bbox 172 4327 1209 4400; baseline -0.001 -23"><span class='ocrx_word' id='word_1_332' title='bbox 172 4327 205 4377; x_wconf 78' lang='lat'><em>92</em></span> <span class='ocrx_word' id='word_1_333' title='bbox 223 4329 267 4378; x_wconf 76' lang='lat' dir='ltr'><em>Cn.</em></span> <span class='ocrx_word' id='word_1_334' title='bbox 279 4331 404 4392; x_wconf 77' lang='lat' dir='ltr'><em>Pompeius</em></span> <span class='ocrx_word' id='word_1_335' title='bbox 422 4331 511 4400; x_wconf 73' lang='lat' dir='ltr'><em>Magni</em></span> <span class='ocrx_word' id='word_1_336' title='bbox 521 4332 603 4395; x_wconf 76' lang='lat' dir='ltr'><em>fitius]</em></span> <span class='ocrx_word' id='word_1_337' title='bbox 621 4331 657 4378; x_wconf 82' lang='lat' dir='ltr'><em>Si·</em></span> <span class='ocrx_word' id='word_1_338' title='bbox 690 4331 715 4376; x_wconf 88' lang='lat' dir='ltr'><em>in</em></span> <span class='ocrx_word' id='word_1_339' title='bbox 733 4343 782 4376; x_wconf 85' lang='lat' dir='ltr'><em>uno</em></span> <span class='ocrx_word' id='word_1_340' title='bbox 800 4344 813 4377; x_wconf 87' lang='lat' dir='ltr'><em>e</em></span> <span class='ocrx_word' id='word_1_341' title='bbox 829 4331 898 4376; x_wconf 85' lang='lat' dir='ltr'><em>codd.</em></span> <span class='ocrx_word' id='word_1_342' title='bbox 916 4343 930 4375; x_wconf 83' lang='lat' dir='ltr'><em>e</em></span> <span class='ocrx_word' id='word_1_343' title='bbox 947 4330 1067 4377; x_wconf 84' lang='lat' dir='ltr'><em>Gronovio</em></span> <span class='ocrx_word' id='word_1_344' title='bbox 1086 4331 1209 4392; x_wconf 77' lang='lat' dir='ltr'><em>inspectis.</em></span> 
     </span>
     <span class='ocr_line' id='line_1_41' title="bbox 134 4395 1030 4458; baseline 0.004 -18"><span class='ocrx_word' id='word_1_345' title='bbox 134 4395 224 4456; x_wconf 73' lang='lat' dir='ltr'><em>genius</em></span> <span class='ocrx_word' id='word_1_346' title='bbox 241 4407 270 4440; x_wconf 80' lang='lat' dir='ltr'><em>cx</em></span> <span class='ocrx_word' id='word_1_347' title='bbox 287 4395 593 4456; x_wconf 76' lang='lat' dir='ltr'><em>veteribue‚utait,1ibrie</em></span> <span class='ocrx_word' id='word_1_348' title='bbox 609 4397 657 4458; x_wconf 75' lang='lat' dir='ltr'><em>legi</em></span> <span class='ocrx_word' id='word_1_349' title='bbox 691 4395 777 4455; x_wconf 78' lang='lat' dir='ltr'><em>Itaque</em></span> <span class='ocrx_word' id='word_1_350' title='bbox 788 4395 938 4448; x_wconf 81' lang='lat' dir='ltr'><em>admisimus.</em></span> <span class='ocrx_word' id='word_1_351' title='bbox 1029 4439 1030 4444; x_wconf 75' lang='grc'>,</span> 
     </span>
    </p>
   </div>
   <div class='ocr_carea' id='block_1_11' title="bbox 730 4467 784 4540">
    <p class='ocr_par' dir='ltr' id='par_1_11' title="bbox 730 4467 784 4540">
     <span class='ocr_line' id='line_1_42' title="bbox 730 4467 784 4540; baseline 0.074 -18"><span class='ocrx_word' id='word_1_352' title='bbox 730 4467 784 4540; x_wconf 68' lang='lat' dir='ltr'><em>st„</em></span> 
     </span>
    </p>
   </div>
   <div class='ocr_carea' id='block_1_12' title="bbox 0 0 1581 4986">
    <p class='ocr_par' dir='ltr' id='par_1_12' title="bbox 0 0 1581 4986">
     <span class='ocr_line' id='line_1_43' title="bbox 0 0 1581 4986; baseline 0 0"><span class='ocrx_word' id='word_1_353' title='bbox 0 0 1581 4986; x_wconf 95' lang='lat' dir='ltr'><em> </em></span> 
     </span>
    </p>
   </div>
  </div>
 </body>
</html>
