3056 4976
327 173 366 236 26
715 169 1021 232 T1T1u1vtt.

162 349 304 409 'U.a.irs.
330 337 450 404 Gracia
473 335 633 409 habuisset,
653 355 739 418 qrrorn
762 336 836 400 Asia
855 333 963 400 Gallos
978 335 1098 399 habeat.
1144 336 1196 400 Ea
1216 336 1390 418 rpedepul·¹
1468 393 1470 396 .

166 425 304 476 Adi-¹⁷⁴·
327 445 385 499 nn,
401 445 462 486 non
483 433 582 486 tamen
604 419 677 484 belli
697 422 820 484 corintio
841 421 959 484 omisit:
988 422 1087 496 immo,
1111 421 1227 486 ciuem
1249 423 1386 487 noluimus

329 510 437 586 dicere,
451 507 523 591 jam
545 507 694 572 inchoavit
711 508 827 570 bellum.
874 507 1039 598 Dolopiam
1054 507 1146 570 armis
1166 509 1295 591 subegit,
1309 509 1386 572 ⁹nec

326 596 485 678 prouinciis
506 596 544 658 de
565 594 757 668 controversis
777 596 818 657 ad
840 593 1083 673 disceptationem
1102 595 1244 674 papalum
1269 594 1385 658 Roma-

328 689 419 744 nsrmm
434 681 553 748 adiuit¹¹.
575 680 655 753 inde,
678 689 881 763 transgressus
905 681 1019 754 OEtam,
1042 689 1076 742 ut
1097 690 1215 760 repente
1234 681 1266 743 iu
1287 681 1386 744 medio

327 765 461 830 umbilico
478 765 607 830 Gracia
621 766 843 849 conspiceretur,
861 765 992 846 Delphos
1005 767 1165 832 adscendit.
1205 767 1283 830 Hac
1296 787 1384 830 usur·
1464 811 1469 838 ,

323 853 414 936 patio
436 853 551 918 itineris
571 852 683 916 insoliti
696 873 755 934 qno
777 851 859 926 uobis
879 860 1011 932 spectare
1024 851 1163 916 uidetur?
1193 853 1384 916 Thessaliam

329 940 436 1002 deinde
448 940 636 1022 peragravit.
658 939 738 1021 qnod
750 938 813 1000 sine
827 935 917 1004 ullius
929 957 1040 1011 eorum,
1056 958 1131 1019 qnos
1144 940 1261 1014 adnot,
1276 938 1383 1014 nocio,

330 1027 383 1090 hoc
397 1025 495 1110 magis
509 1025 702 1088 tentationem
715 1033 824 1089 nectua.
867 1023 947 1086 Inde
962 1023 1063 1086 litersn
1077 1025 1119 1087 od
1133 1045 1185 1088 nos
1198 1045 1266 1088 cum
1280 1045 1385 1088 mune-

329 1113 371 1176 ris
391 1113 487 1193 specie
506 1111 598 1185 misit,
614 1119 643 1172 ct
665 1111 795 1194 cogitare
807 1107 905 1193 jubet,
921 1130 979 1191 qno
999 1111 1090 1172 modo
1111 1110 1141 1172 in
1161 1110 1309 1194 reliquam
1330 1111 1386 1174 bac

329 1219 448 1262 munere
462 1217 521 1260 non
544 1215 702 1280 egeamusr
726 1196 778 1258 hoc
798 1205 849 1270 est,
865 1204 896 1258 ut
916 1197 1070 1270 decretum,
1086 1216 1144 1280 quo
1166 1205 1305 1260 arcmtur
1320 1199 1384 1260 Pe-

330 1284 489 1364 loponneso
506 1283 699 1358 Macedones,
710 1282 865 1352 tollamus:
882 1301 983 1344 rrtrsus
998 1281 1114 1365 legatos
1123 1283 1230 1368 regios,
1243 1293 1272 1345 et
1283 1282 1386 1365 hospi·

330 1370 375 1434 tio
389 1391 455 1434 nrm
472 1369 659 1451 principibus,
675 1377 703 1432 et
724 1389 794 1430 mox
808 1367 1010 1432 Macedonum
1031 1368 1186 1443 exercitus,
1201 1369 1298 1450 iprum
1311 1390 1385 1453 qno-

330 1477 387 1539 que
408 1476 429 1518 a
443 1455 574 1537 Delphis
591 1457 746 1538 (quantum
766 1453 842 1516 enirn
857 1453 990 1516 interluit
1003 1451 1118 1533 fretum
1130 1455 1161 1534 t)
1187 1452 1401 1538 trajicientem¹

329 1543 362 1604 iu
387 1541 623 1622 Peloponnesum
645 1541 804 1615 uideamus,
827 1538 1064 1604 ¹⁰inmiscearnor
1091 1539 1310 1604 Macedonibus
1332 1561 1385 1605 ar·

330 1629 480 1692 mantibus
493 1648 525 1690 se
539 1629 684 1692 aduersus
697 1627 862 1690 Ιίοπιαηω.
907 1627 979 1708 Ego
993 1625 1068 1690 nihil
1081 1626 1149 1690 noui
1166 1647 1270 1690 cersseo
1283 1629 1385 1691 decer·

329 1715 471 1790 nendum,
482 1713 686 1798 sanandaque
694 1713 797 1776 mnnia
805 1713 935 1794 integra,
948 1709 972 1748 ¹¹
979 1712 1073 1774 donec
1087 1715 1128 1776 ad
1142 1723 1249 1776 certum
1261 1714 1385 1797 dirigo·

330 1811 403 1876 tum,
426 1819 556 1865 comune
570 1799 617 1863 hic
638 1799 726 1862 timor
737 1807 842 1873 noster,
860 1819 898 1860 an
918 1795 1117 1878 caussaerit.
1161 1799 1195 1864 Si
1206 1819 1272 1880 pac
1284 1799 1390 1864 inuio.

230 1899 232 1914 ·
330 1885 396 1949 lato
409 1886 484 1950 inter
498 1885 684 1950 Macedonas
698 1886 907 1967 Romanosque
921 1883 1069 1962 manebit,
1082 1883 1167 1947 nobis
1177 1905 1292 1970 qrroque
1305 1886 1385 1949 arni-

329 1972 406 2036 citia
428 1983 455 2034 et
475 1973 679 2036 commercium
692 1973 749 2034 sit.-
777 1991 854 2034 nttnc
874 1972 912 2034 de
933 1991 966 2034 eo
985 1970 1116 2055 cogitare
1133 1971 1331 2052 periculosum
1353 1981 1385 2034 et

330 2059 513 2122 inmaturum
527 2058 654 2122 uidetur.
922 2113 925 2120 .

169 2159 316 2208 neucesa-
373 2142 506 2208 XXIV.
530 2143 606 2207 Post
628 2142 713 2210 huno
736 2145 832 2218 Areo,
854 2141 951 2208 frater
974 2142 1138 2208 Xenarchi
1160 2144 1315 2228 praetoris,
1338 2145 1384 2210 itu

168 2226 227 2272 “⁸²⁵
239 2239 273 2272 ’θ’
329 2229 492 2296 disseruit:
517 2227 681 2316 Difficilem
700 2232 864 2294 orationem
889 2229 1074 2308 Callicrates,
1091 2241 1121 2296 et
1137 2231 1220 2310 mihi,
1236 2241 1265 2294 et
1284 2231 1382 2294 omni·

168 2291 275 2352 apodes.
330 2318 392 2392 hus,
408 2317 462 2402 qrri
476 2317 515 2380 ab
529 2339 564 2380 eo
578 2317 775 2396 dissentimus,
781 2314 875 2397 serit:
898 2318 1016 2402 ageudo
1036 2318 1113 2380 euim
1128 2319 1276 2381 Romana
1289 2318 1383 2381 socie-

330 2404 402 2470 tatis
413 2423 550 2468 cerussam
563 2405 635 2486 ipse,
651 2404 818 2486 teutonique
829 2411 858 2466 et
873 2403 1039 2488 obpugnari
1050 2403 1186 2481 dicendo,
1197 2424 1288 2489 quam
1298 2425 1384 2468 nerno

328 2512 421 2575 neque
444 2499 549 2566 tentat,
564 2511 659 2574 neque
680 2491 842 2573 obpugnat,
857 2489 961 2576 efficit,
976 2499 1020 2565 ut,
1035 2491 1089 2574 qui
1102 2491 1141 2553 ab
1154 2511 1187 2553 se
1201 2491 1382 2565 dissentiret,
1420 2521 1425 2530 ·
1510 2533 1515 2544 ·

329 2578 470 2644 aduersus
496 2577 651 2643 Romanos
683 2575 780 2638 dicere
804 2575 961 2638 videretur.
1006 2575 1053 2638 Ac
1077 2578 1211 2658 primum
1239 2578 1380 2650 amnium,

330 2672 483 2744 tamquam
505 2683 563 2725 nnn
585 2661 632 2724 bic
654 2661 805 2724 nobissimi
820 2658 941 2741 suisset,
968 2663 1021 2724 sed
1039 2671 1094 2726 aut
1115 2685 1153 2727 ec
1177 2662 1261 2726 curia
1278 2662 1384 2744 populi

328 2747 465 2814 Romani
486 2748 609 2822 ueniret,
632 2757 685 2810 aut
707 2767 809 2830 regum
832 2748 952 2810 arcanis
974 2747 1135 2823 interesset,
1159 2749 1257 2812 omnia
1275 2749 1332 2812 scit
1352 2757 1383 2811 et

308 2885 312 2894 .
328 2833 459 2908 nunciat,
472 2853 538 2916 qua
551 2823 664 2902 achille
676 2829 768 2912 sacta
783 2842 859 2896 sunt.
904 2831 1062 2897 1'Diuinat
1076 2836 1175 2913 etiarn,
1191 2855 1258 2918 qua
1271 2831 1383 2912 futura

320 2916 461 2999 suerunt,
484 2918 511 2980 si
529 2919 688 3000 Philippus
706 2918 847 2982 maisset:
878 2919 953 3002 quid
974 2919 1019 2982 ita
1037 2921 1163 2986 Perseus
1183 2921 1270 3004 regni
1289 2921 1383 2984 iroeres

325 3005 376 3081 sit,
394 3005 474 3088 quid
485 3013 591 3090 paruit
607 3003 799 3080 Macedones,
815 3005 886 3088 quid
905 3005 1037 3090 cogitent
1050 3007 1193 3070 Bouiani.
1236 3006 1307 3069 Nos
1325 3026 1382 3069 au·

328 3100 398 3170 tem,
413 3091 473 3174 qui,
489 3113 548 3167 nec„
565 3091 603 3155 'ab
628 3112 719 3174 quam
744 3111 890 3166 cannam,
916 3113 971 3154 nec
995 3094 1237 3175 quemadmodum
1262 3092 1384 3173 perierit

326 3177 514 3257 Demetrius,
529 3179 654 3252 scimusr
679 3199 731 3241 nec
753 3177 826 3261 quid
848 3178 1014 3259 Philippus,
1038 3181 1068 3241 si
1089 3179 1220 3255 sinisset,
1234 3176 1384 3259 facturus

317 3261 452 3344 sueratt’,
468 3267 510 3326 ad
533 3265 605 3342 haec,
621 3285 689 3346 qua
707 3264 813 3346 pulum
831 3275 985 3347 geruntur,
1001 3264 1126 3328 consilia
1145 3274 1246 3328 nostra
1260 3263 1383 3328 adcant-

326 3351 448 3412 modare
461 3360 583 3431 oportet.
627 3349 705 3413 1ὅΑι·
719 3351 833 3426 scimus,
846 3352 970 3424 Perseo,
988 3371 1081 3433 regno
1091 3361 1220 3432 accepto,
1236 3353 1278 3414 ud
1294 3349 1382 3434 lega·

356 3464 376 3492 ⁸
383 3464 468 3523 populi
475 3463 579 3509 Romans·
589 3464 662 3508 Gron.
711 3465 724 3492 n
730 3473 772 3509 nec
779 3468 932 3522 provocantes
943 3461 971 3507 de
978 3464 1143 3510 mmrorerrr'is
1149 3463 1182 3510 ast
1190 3464 1383 3524 disceptationem

321 3529 407 3589 populi
417 3528 521 3574 uomens
531 3529 632 3574 audiuit.
645 3528 713 3574 cccv.
777 3527 926 3588 ⁰redigatur
935 3527 994 3573 Eud
1058 3529 1156 3586 Pfu'ertt
1167 3529 1243 3576 Gran.
1254 3527 1322 3576 Crer.

357 3623 444 3673 9Ncc
457 3621 621 3687 procreantes]
647 3625 744 3686 Suppli,
761 3625 835 3672 Dolo·
869 3625 907 3672 bic
937 3626 971 3672 ad
995 3632 1084 3674 certina
1112 3627 1242 3688 dirigatur.
1274 3627 1390 3674 corruit⁴

323 3703 374 3750 pu.
401 3690 481 3748 Vulgo
493 3690 530 3736 hic
538 3691 638 3736 babetur·
647 3705 688 3735 nec
698 3691 836 3750 prouinciis.
869 3691 1011 3738 Gronovius.

323 3754 470 3803 Psobubilem
493 3756 607 3802 Gronorii
629 3756 789 3814 conjecturum
811 3756 836 3802 in
903 3761 931 3801 12
948 3756 1054 3803 Diuinat
1069 3758 1141 3804 etiam
1156 3772 1209 3819 qua
1218 3757 1311 3817 sutura
1322 3759 1382 3819 sue·

322 3825 414 3867 textum
437 3820 524 3880 recepit
541 3821 655 3874 Clericus,
673 3835 716 3867 nec
737 3834 781 3868 nos
797 3835 836 3868 ex-
867 3816 937 3883 rant]
953 3821 1007 3868 Hoc
1019 3829 1096 3870 mutat
1110 3824 1254 3880 Grannum,
1264 3829 1381 3882 tanqam

322 3885 593 3932 turboresustinuimuc.
867 3886 1024 3946 grammatice
1046 3889 1136 3949 legibus
1155 3888 1280 3945 absonum,
1300 3888 1383 3947 lubet-

357 3955 386 3996 to
404 3950 594 4012 Immisceumur]
628 3949 666 3996 sic
685 3949 749 3995 debit
769 3949 837 4012 Sigo-
868 3965 914 4011 que
930 3953 1010 4012 reponi
1021 3953 1128 4012 ficerunt.
1159 3953 1336 4001 &auxiensis
1356 3955 1381 4000 iu

323 4014 430 4075 niuspro
442 4016 609 4063 immiscemur.
869 4017 926 4064 locis
949 4032 1021 4076 quum
1042 4019 1111 4076 Livii,
1132 4023 1183 4065 tuns
1204 4019 1382 4079 probatissimo-

359 4086 384 4126 11
404 4080 487 4127 Donec
497 4082 530 4127 ad
538 4075 774 4142 certumredigntur]
785 4081 834 4127 Do-
868 4096 919 4129 rum
936 4083 1086 4143 scriptorum,
1097 4085 1196 4145 reperire
1211 4085 1279 4130 incili
1294 4089 1333 4131 cst
1349 4085 1380 4129 si·

323 4159 367 4191 nec
383 4150 472 4190 certum
495 4146 545 4203 bnt,
563 4148 637 4194 donea
656 4153 720 4194 certo
739 4146 834 4192 sciatur.
867 4147 958 4194 mitium
995 4149 1142 4196 locutionum
1170 4150 1282 4209 exemplu.
1324 4149 1379 4196 vid.

323 4210 362 4256 Sic
373 4209 388 4254 L
400 4209 488 4258 XMV.
499 4226 518 4257 a.
533 4217 570 4258 15.
593 4211 641 4269 Et,
652 4213 676 4258 εἰ
686 4212 714 4260 id
723 4217 779 4260 ante
793 4211 836 4260 dst-
868 4212 960 4260 Noram
973 4214 1112 4261 methodum
1125 4215 1211 4276 linguei
1222 4214 1320 4262 liuline.

323 4275 387 4320 bium
395 4275 497 4334 ficisset,
514 4277 648 4337 legatorum
664 4277 788 4324 ...uerba
804 4276 838 4323 ad
904 4283 930 4324 13
946 4281 985 4326 Ac
994 4281 1081 4326 scimru
1095 4280 1180 4328 Persea
1191 4310 1216 4325 ..
1229 4313 1236 4328 .
1248 4280 1381 4340 adlegatos

321 4347 411 4386 certum
431 4341 554 4402 redegisse.
587 4343 695 4390 Ceterum
715 4341 835 4404 lugebitur
867 4341 988 4392 Romanos
1008 4346 1107 4405 umnec,
1127 4361 1156 4394 uc
1175 4359 1255 4406 regem
1275 4342 1375 4406 Persea]
