3120 4984
350 155 408 210 rso
745 147 857 209 τιτι
884 141 1034 220 nrvrr

188 331 216 382 υ.
229 332 255 382 c.
266 328 324 380 ass.
348 325 478 402 recepto
492 314 610 393 animo,
626 313 731 392 malle,
748 311 889 398 imperiis
902 312 968 377 suis
982 332 1048 376 non
1069 309 1178 376 obtem
1199 323 1326 378 ¹eratum
1341 332 1420 389 esse,

187 399 217 446 Α*
229 399 256 445 ⁰·
270 396 324 444 ¹⁶⁹·
349 424 450 490 quum
471 401 633 486 trepidans
654 421 766 488 gazam
780 400 815 464 in
829 421 918 463 mare
939 397 1033 483 dejici
1057 397 1165 476 Pellae,
1237 398 1420 475 essalonicae

349 488 473 556 navalia
489 489 626 575 jusserat
647 487 786 552 incendi.
830 485 1041 562 Andronicus,
1062 483 1324 552 Thessalonicam
1346 485 1422 549 mis·

348 598 411 652 sus,
434 587 574 640 traxerat
594 585 730 660 tempus,
752 571 816 636 ⁵⁹id
840 573 944 658 ipsum
966 572 1054 658 quod
1076 571 1200 650 accidit,
1221 570 1422 658 poenitentiae
1454 627 1456 633 .

348 662 531 747 relinquens
547 662 663 726 locum.
690 660 848 724 incautior
871 657 981 724 Nicias
997 657 1096 722 Pelloe
1116 659 1316 745 projiciendo
1330 658 1422 744 ⁶⁰pe·

349 748 452 815 cuniae
467 760 602 833 partem,
617 745 704 834 quod
718 745 822 810 fuerat
843 757 971 811 nactus:
999 743 1055 810 sed
1069 741 1094 783 ⁶¹
1104 744 1138 811 in
1155 767 1221 810 rem
1238 745 1423 811 emendabi-

348 835 410 900 lem
427 834 510 901 visus
523 834 631 920 lapsus
652 854 730 914 esse,
745 832 829 919 quod
853 853 910 917 per
932 832 1109 898 urinatores
1130 854 1226 897 omne
1243 832 1343 898 ferme
1364 853 1422 896 ex·

349 933 486 987 tractum
502 937 561 986 est.
583 931 752 1006 tantusque
773 918 881 1005 pudor
902 919 970 1006 regi
990 918 1116 1003 pavoris
1131 920 1198 1005 ejus
1211 917 1282 998 suit,
1298 931 1335 984 ut
1353 920 1421 983 uri·

349 1024 476 1074 netores
491 1007 571 1072 clam
594 1005 731 1073 interfici
746 1006 892 1092 jusserit3
914 1004 1030 1070 deinde
1050 1005 1273 1071 Andronicum
1294 1028 1422 1094 quoque

187 1107 380 1160 vinaurneset
395 1095 523 1172 Nician,
539 1093 664 1178 nequis
683 1105 749 1157 tam
764 1091 919 1156 dementis
933 1091 1058 1177 imperii
1081 1093 1224 1158 conscius
1246 1093 1423 1172 exsisteret.

186 1173 313 1286 32³¹·oe
349 1181 439 1246 Inter
453 1180 524 1246 haec
548 1180 587 1246 C.
603 1179 758 1257 Marcius,
772 1201 847 1243 cum
862 1178 959 1242 classe
980 1178 1022 1243 ab
1038 1177 1199 1245 Heracleo
1213 1179 1421 1245 Thessaloni·

187 1253 278 1351 „s
313 1253 419 1334 ¹¹'cam
434 1265 607 1354 profectus,
622 1278 654 1331 et
676 1287 789 1354 agrurn
805 1265 951 1351 pluribus
971 1264 1061 1343 locis,
1077 1267 1232 1352 expositis
1253 1288 1311 1353 per
1324 1267 1422 1332 litora

350 1355 490 1433 armatis,
521 1354 585 1418 late
610 1353 752 1430 vastavit,
775 1366 806 1418 et
834 1367 1057 1437 procurrentes
1079 1352 1121 1416 ab
1151 1353 1240 1432 urbe,
1271 1353 1420 1418 secundis

349 1441 472 1528 aliquot
500 1440 632 1528 proeliis,
659 1438 801 1524 trepidos
829 1440 915 1504 intra
939 1439 1062 1504 muenia
1090 1440 1255 1526 compulit.
1285 1441 1420 1527 jamque

347 1528 409 1622 ipsi
434 1528 505 1593 urbi
530 1525 680 1594 terribilis
705 1537 784 1603 erat,
807 1525 948 1612 ⁶²quum,
971 1525 1130 1611 dispositis
1159 1528 1263 1591 omnis
1291 1528 1419 1614 generis

347 1614 523 1693 tormentis,
546 1636 611 1678 non
633 1614 705 1700 vagi
727 1612 825 1677 modo
850 1613 935 1677 circa
958 1635 1077 1690 muros,
1099 1626 1219 1678 temere
1243 1614 1419 1700 adpropin-

346 1713 492 1788 quantes,
515 1702 569 1766 sed
598 1701 693 1766 etiam
716 1699 827 1785 quiin
856 1700 990 1765 navibus
1015 1713 1115 1778 erant,
1142 1701 1227 1766 saxis
1256 1716 1420 1767 tormento

345 1788 555 1854 emicantibus
583 1786 888 1873 “percutiebantun
934 1786 1102 1852 Revocatis
1132 1787 1230 1874 igitur
1258 1787 1291 1851 in
1321 1811 1419 1854 naves

346 1875 513 1956 militibus,
542 1875 719 1960 omissaque
745 1871 981 1945 Thessalonice
1010 1872 1259 1961 obpugnatione,
1283 1873 1418 1941 AEniam

346 1960 421 2027 inde
443 1973 567 2047 petunt.
597 1961 779 2049 quindecim
798 1959 900 2025 millia
920 1981 1067 2045 passuum
1091 1983 1129 2024 ea
1148 1961 1223 2025 urbs
1244 1960 1345 2043 abest,
1359 1963 1419 2028 ad-

345 2070 454 2113 versus
484 2048 629 2134 Pydnam
665 2049 778 2134 posita,
811 2045 907 2112 fertili
942 2069 1031 2134 agro.
1078 2047 1270 2113 Pervastatis
1298 2047 1418 2116 linibus

345 2136 422 2221 ejus,
438 2133 578 2224 legentes
599 2156 699 2212 oram,
716 2133 932 2221 Antigoneam
947 2135 1146 2218 perveniunt.
1169 2135 1223 2214 ibi,
1240 2137 1358 2220 egressi
1381 2139 1414 2202 in

345 2236 474 2300 terram,
496 2221 604 2307 primo
629 2235 660 2286 et
685 2232 849 2286 vastarunt
877 2242 969 2308 egros
994 2221 1124 2305 passim,
1154 2234 1187 2286 et
1214 2223 1415 2309 aliquantum

344 2308 464 2393 praedae
479 2307 682 2374 contulerunt
699 2308 740 2372 ad
754 2329 861 2372 naves.
883 2307 957 2372 dein
973 2306 1095 2391 palatos
1110 2330 1163 2374 eos
1182 2310 1287 2375 adorti
1303 2309 1417 2378 Mace-

343 2395 453 2474 donas,
482 2394 574 2460 mixti
595 2393 716 2480 pedites
738 2395 931 2480 equitesque,
957 2392 1114 2482 fugientes
1140 2394 1239 2461 effuse
1257 2396 1299 2460 ad
1328 2420 1419 2465 mare

343 2482 511 2568 persecuti,
527 2482 720 2570 quingentos
735 2481 835 2546 ferme
848 2479 1045 2558 occiderunt,
1061 2495 1092 2546 et
1115 2503 1180 2546 non
1196 2484 1300 2548 miuus
1323 2507 1417 2572 cepe-

342 2581 427 2636 runt.
474 2569 543 2633 Nec
558 2568 655 2645 aliud,
672 2589 768 2669 quam
792 2566 904 2632 ultima
918 2569 1095 2646 necessitas,
1112 2591 1210 2655 quum
1226 2572 1368 2656 recipere
1383 2597 1417 2640 se

342 2671 414 2721 tuto
438 2654 478 2719 ad
493 2676 587 2718 naves
601 2652 858 2738 prohiberentur,
875 2654 998 2719 animos
1019 2654 1156 2719 militum
1180 2656 1413 2739 Romanorum,

342 2741 437 2806 simul
459 2741 681 2825 desperatione
703 2740 765 2804 alia
786 2740 906 2817 salutis,
929 2740 1025 2806 simul
1045 2741 1245 2829 indignitate,
1270 2745 1415 2812 irritavit.

344 2827 575 2914 Redintegrata
597 2827 629 2890 in
646 2827 739 2891 litore
762 2849 871 2914 pugna
892 2839 948 2891 est.
972 2827 1120 2914 adjuvere
1134 2842 1177 2909 et,
1192 2830 1247 2916 qui
1268 2831 1300 2894 in
1324 2836 1414 2898 navi·

341 2914 400 2980 bus
422 2930 524 2979 erant.
569 2911 619 2978 Ibi
645 2912 862 2979 Macedonum
884 2914 1013 2979 ducenti
1035 2914 1134 2979 ferme
1152 2917 1244 2994 caesi;
1273 2939 1332 3002 par
1352 2943 1415 2986 nu·

341 3023 448 3065 merus
473 3013 595 3084 captus.
639 3001 692 3065 Ab
716 3001 898 3088 Antigonea
919 3000 1025 3066 classis
1050 3001 1201 3086 prolecta,
1228 3004 1269 3068 ed
1298 3029 1413 3094 agrurn

342 3086 563 3152 Pallenensem
589 3087 827 3152 exscensionem
853 3087 895 3152 ad
922 3085 1140 3172 populandum
1155 3088 1239 3157 fecit.
1275 3093 1414 3160 ·Finium

340 3173 367 3238 is
389 3195 465 3262 ager
482 3172 764 3239 Cassandrensium
788 3188 867 3256 erar,
882 3173 979 3262 louge
992 3172 1201 3243 fertilissimus
1217 3181 1319 3244 omnis
1333 3204 1415 3263 orae,

373 3363 405 3412 69
421 3365 529 3426 idipsam
544 3365 604 3427 quod
613 3365 708 3422 cecidit,
717 3369 862 3428 percutientia·
893 3373 974 3416 umen
991 3368 1106 3429 placeret,
1122 3371 1188 3431 quod
1202 3367 1300 3433 subjicit
1319 3373 1417 3422 Grono-

291 3478 294 3487 ,
339 3429 471 3490 relinquens
481 3426 571 3494 locuta]
591 3431 680 3480 Scabra
691 3432 814 3480 Gronovio
825 3434 861 3480 vi·
893 3433 1323 3488 vius,taerrorcm..cmeadads'lem.

339 3493 412 3540 detur
426 3495 477 3540 hee
493 3496 579 3551 oratio,
593 3509 642 3543 non
660 3497 738 3545 nobis.
771 3495 861 3545 'Nulla
924 3497 957 3546 62
976 3497 1055 3554 Quum
1078 3497 1197 3560 dispositis
1222 3503 1299 3548 manu
1316 3506 1416 3563 genem

339 3557 380 3604 hic
392 3558 438 3604 erit
449 3559 589 3618 difficultas,
603 3561 624 3608 si
640 3560 667 3605 in
677 3562 860 3622 interpretando
893 3557 1024 3627 torancatr'r]
1056 3563 1096 3609 Ab
1112 3562 1143 3610 iis
1153 3565 1196 3625 qni
1213 3565 1239 3611 in'
1258 3567 1319 3614 urbe
1333 3577 1416 3617 mant.

339 3623 509 3671 membrorum
518 3626 628 3673 ordinem
636 3625 769 3673 inverteris.
784 3626 860 3690 †1³ae-
893 3627 969 3676 'rou
979 3627 1093 3688 periodus
1107 3629 1196 3675 habere
1207 3630 1304 3678 videtur
1320 3633 1417 3694 aliquid

339 3687 446 3734 ammte
476 3688 608 3749 relinquam
639 3689 726 3748 baum,
758 3691 861 3752 idipsum
892 3693 989 3740 obscuri
1008 3699 1107 3752 propter
1133 3693 1237 3740 nimiam
1258 3697 1417 3746 brevitatem.

340 3751 401 3812 quud
405 3751 499 3805 accidit,
508 3753 533 3800 id
542 3759 587 3808 est,
596 3755 662 3814 quod
670 3755 770 3814 quidem
778 3757 860 3817 ipsum
894 3757 984 3805 Semne
996 3763 1048 3804 esta
1062 3754 1165 3820 jamque
1175 3759 1223 3819 ipsi
1233 3761 1288 3807 urbi
1299 3764 1419 3811 terribilis

340 3816 439 3876 accidit,
449 3830 538 3878 nempe
549 3824 578 3865 ut
588 3831 671 3879 regem
681 3820 817 3878 preniteret.
891 3829 952 3876 erat.
964 3835 1041 3882 quum
1053 3823 1134 3869 subito
1150 3836 1266 3872 conversa
1276 3832 1314 3871 est
1329 3840 1416 3876 rerum

373 3880 405 3928 60
421 3879 535 3928 Poeante
564 3887 667 3942 mrtem,
696 3883 756 3944 quod
773 3881 859 3946 suerat
890 3887 973 3942 facies,
1001 3885 1125 3946 dispositis
1146 3900 1219 3948 super
1239 3891 1307 3937 urbis
1329 3905 1416 3942 muros

339 3945 433 4009 mdes]
453 3945 486 3992 Et
494 3945 649 3994 bunelocum
658 3947 795 3995 Gronovius
803 3957 859 4010 post
891 3951 1029 4004 tormentis,
1041 3951 1130 4011 quibus
1143 3954 1255 4008 Romani,
1265 3954 1324 4002 etin
1337 3959 1416 4018 agris,

340 4009 534 4058 Freinshemium
563 4009 709 4076 conjecturis
737 4015 857 4061 sollicitat.
891 4016 1418 4079 etinipsisquoquenavibnspercutieban-

340 4073 419 4121 Nobis
433 4075 494 4123 nihil
508 4077 669 4124 videturesse
687 4077 748 4124 vitii.
780 4078 858 4126 Petu·
891 4087 941 4129 tur.
974 4080 1061 4141 ltaque
1079 4083 1194 4132 absistere
1215 4083 1314 4145 incepto
1334 4090 1417 4138 coacti

339 4140 388 4186 aie
404 4145 508 4199 portem,
529 4141 621 4188 seilicet
646 4140 673 4187 t'd
698 4141 759 4203 quod
773 4143 859 4205 suerat
891 4152 956 4192 sunt.

338 4206 428 4250 metus.
924 4211 957 4258 63
978 4207 1187 4278 Permutatur]
1221 4215 1286 4276 aege
1304 4222 1417 4276 pereute-

371 4266 401 4313 al
420 4269 452 4314 la
468 4282 517 4315 rem
535 4269 740 4319 emendabilem..
757 4274 858 4334 dapem
889 4280 979 4324 reme.

337 4330 396 4394 erse]
415 4332 603 4382 Potesttolaran‘
614 4337 752 4397 vulgatum.
775 4337 856 4398 Magis
