3154 4984
394 177 396 190 ¹
467 159 673 224 LIBROR.
699 159 921 221 DEPERD.
1158 165 1217 222 225

150 323 282 389 lubente
296 290 469 408 uarsogiuta
483 275 566 402 cissos,¹
583 336 613 390 et
625 327 694 391 sine
700 309 883 409 pulpamine
894 326 1037 391 maudm
1051 335 1081 390 ct
1090 336 1219 416 grestano
1242 297 1244 308 Ι

144 431 260 496 pauno
273 419 395 512 tontum
408 410 507 512 solita,
523 413 649 496 isuper
663 409 688 452 ¹⁸
693 411 864 478 Romanum
879 411 987 478 nemu
1000 421 1183 478 meruerunt.

493 636 538 686 ⁸
604 697 769 780 xurx.

201 889 304 955 Tertii
317 893 435 958 Punici
448 891 521 958 belli
532 895 657 958 initium
670 891 696 933 ¹⁹
702 895 800 958 aliem
814 903 844 958 et
857 895 1068 958 sescentesimo
1078 913 1161 972 anuo
1175 891 1216 957 ab
1259 907 1264 912 ’

150 977 225 1042 urhe
235 979 370 1056 condita,
381 981 467 1046 intra
479 982 615 1064 quintum
624 1001 747 1056 annum,
759 1002 848 1064 quam
858 989 926 1044 erat
933 988 1071 1063 caeptum,
1082 1000 1215 1044 consum·

152 1065 242 1128 mati.
277 1065 425 1129 InterM.
440 1068 581 1132 Porcium
595 1067 739 1132 Catonem
750 1077 780 1130 et
791 1067 962 1150 Scipionem
976 1067 1132 1144 Nasicam,
1143 1088 1216 1148 φω-

155 1172 221 1214 rum
232 1152 313 1214 alter
323 1153 563 1236 sapientissimus
573 1155 623 1217 uir
633 1153 666 1216 in
677 1154 802 1218 ciuitate
812 1151 989 1230 habebatur,
1001 1150 1113 1216 ²⁰alter
1123 1154 1217 1216 etiam

152 1239 204 1300 uir
217 1239 348 1320 optimus
356 1261 378 1301 a
388 1237 660 1323 senatujudicatus
673 1249 751 1318 erat,
762 1241 891 1304 diuersis
901 1249 1047 1304 certatum
1057 1239 1218 1302 sententiis

152 1332 215 1396 est,·
242 1325 359 1388 Catone
367 1327 512 1390 suadente
526 1325 642 1402 bellum,
655 1337 685 1390 el
698 1336 733 1388 ut
746 1328 904 1390 tolleretur
914 1327 1122 1409 delereturque
1132 1325 1217 1388 Kar·

153 1411 265 1494 tlago,·
289 1409 439 1475 ²¹Nasica
450 1412 652 1476 dissuadente.
688 1413 817 1478 Placuit
826 1421 938 1489 tamen,
950 1413 1032 1495 qssad
1038 1420 1146 1475 contra
1148 1411 1217 1496 soe·

153 1497 210 1560 dus
224 1517 316 1561 naues
328 1497 484 1574 haberent,
501 1500 582 1582 quod
594 1501 757 1562 exercitum
770 1509 858 1562 entra
866 1499 947 1580 fines
960 1499 1126 1574 ducissent,
1138 1499 1220 1582 quod

62 1609 64 1616 ·
152 1583 234 1646 socio
239 1584 499 1666 populillamuni
509 1595 539 1648 ct
549 1587 646 1648 amico
656 1585 835 1648 Masinissa
845 1607 934 1648 arma
943 1585 1125 1660 intulissent,
1139 1585 1221 1666 quad
1245 1655 1252 1668 Χ

137 1669 249 1753 filium
259 1669 322 1753 ejus
333 1667 505 1746 Gulussam,
519 1672 573 1754 qui
581 1691 646 1734 cum
656 1672 768 1754 legatis
781 1671 929 1734 Romanis
937 1681 1015 1746 erat,
1028 1671 1061 1733 in
1073 1671 1218 1754 oppidum

153 1776 215 1818 uon
229 1757 417 1839 recepissent,
434 1756 541 1820 bellum
556 1758 596 1821 iis
618 1759 727 1822 indici.
770 1759 959 1841 Priusquam
981 1758 1052 1820 ulla
1073 1758 1170 1840 copia
1185 1758 1219 1820 in

153 1863 247 1906 naues
260 1844 490 1925 imponerentur,
511 1843 664 1908 Uticenses
677 1845 775 1928 legati
789 1841 917 1908 Romam
932 1852 1087 1918 uenmuui,
1099 1864 1135 1913 ‚se
1147 1863 1219 1908 sua·

154 1949 212 2012 que
225 1929 327 1992 onnia
338 1929 489 1992 dedentes.
533 1929 585 1992 Ea
598 1931 723 2014 legatio,
736 1931 830 1994 ueluti
840 1951 936 2007 omen,
948 1939 1045 2014 grata
1056 1929 1218 2006 Patribus,

153 2015 264 2078 nomba
273 2015 586 2100 Karthaginiensibus
583 2016 665 2101 ficit.
699 2017 776 2080 Diti
779 2018 873 2100 patri
880 2017 948 2080 ludi
957 2015 1033 2078 ”ad
1045 2015 1217 2092 Terentum,
1239 2079 1241 2089 Α

152 2109 351 2186 eapraeepto
361 2101 507 2166 librarum
518 2101 832 2200 Sibyllinorumfacti
838 2128 849 2166 .·
863 2101 948 2188 ²lqui
958 2104 1217 2178 aunooeutesr'mo,

156 2269 242 2316 fuisse:
261 2272 427 2332 consumitque
437 2247 548 2332 Epitome
564 2271 618 2318 libri
630 2271 671 2317 Li·
704 2277 893 2320 consummatum
915 2271 988 2318 luisse
1007 2271 1078 2318 diost.
1111 2269 1220 2317 Finitum
1311 2305 1312 2308 ,

156 2335 222 2382 visui
233 2336 259 2383 L.
271 2338 297 2383 in
309 2351 356 2397 qus
366 2338 500 2384 Masinissa
510 2336 588 2397 major
598 2351 671 2384 nona-
703 2343 741 2384 est
756 2344 836 2394 sutem
854 2339 899 2384 On.
916 2336 1038 2393 Cornelio,
1056 2337 1084 2384 1..
1100 2333 1233 2382 Mummio.

152 2403 306 2462 pinianum
313 2404 594 2452 demisissememorstur.
611 2403 672 2450 Hmo
704 2404 771 2450 Coss.
788 2401 829 2464 qui
844 2401 929 2460 quinto
946 2401 1033 2448 sbhino
1047 2414 1113 2446 ‘suno
1131 2399 1218 2460 magis·

155 2466 219 2512 euim
231 2467 343 2528 loquendi
359 2469 435 2516 forms
451 2468 509 2516 sotis
522 2467 611 2514 iudicet
622 2481 671 2514 uon
693 2473 792 2524 ,tratum
803 2467 893 2528 gesturi
902 2472 968 2514 suns.
993 2468 1065 2513 Porro
1076 2465 1218 2512 sescentesi-

156 2533 257 2578 multum
279 2534 403 2580 excessisse
424 2547 476 2580 eum
501 2545 576 2579 sonos
597 2546 671 2579 nous·
695 2548 757 2578 ,urus
775 2533 835 2578 alter
854 2531 956 2591 intelligi
972 2531 1051 2587 debet,
1065 2536 1094 2577 ut
1108 2530 1219 2592 probavi-

156 2597 231 2652 grets.
265 2599 533 2658 Sisutemtunoquum
547 2597 671 2658 Carthagi·
704 2611 756 2657 mus
768 2598 794 2643 in
807 2601 865 2644 nois
880 2597 910 2642 sd
923 2597 974 2643 niv.
988 2599 1002 2643 l.
1015 2595 1061 2643 111.
1073 2611 1095 2644 e.
1106 2603 1148 2644 8³.
1165 2607 1220 2641 seo-

157 2661 348 2710 nieusosdevioit
364 2665 424 2711 duos
440 2669 465 2710 et
481 2663 614 2724 nonaginta
631 2664 672 2710 hs·
704 2664 842 2710 centesimus
856 2663 958 2724 primus.
993 2662 1066 2708 Hune
1082 2667 1219 2709 tsmenan·

157 2725 257 2785 buisset,
276 2735 386 2776 mortuus
403 2730 487 2777 luisset
508 2727 584 2788 msjor
602 2729 671 2776 suuis
704 2743 772 2786 rrum,
790 2741 837 2789 quo
853 2728 882 2774 Τ.
895 2725 1010 2778 Quintius
1026 2732 1051 2775 ei
1067 2727 1115 2776 Μ’.
1125 2726 1218 2776 Acilius

157 2797 260 2851 quotuor
281 2800 305 2840 et
328 2796 467 2860 nonaginta·
502 2791 612 2842 Ceterum
636 2795 671 2840 sie
703 2795 810 2842 eonsules
827 2800 894 2851 sunt,
910 2807 1059 2840 numeramus
1075 2791 1219 2840 sueoniesl-

156 2871 251 2918 quoque
262 2860 390 2908 Masinissa
404 2861 482 2908 mulio
498 2873 563 2907 nuuc
573 2873 670 2921 provoc-
702 2875 768 2907 mum
782 2859 921 2917 secuudum,
938 2873 968 2904 ne
982 2872 998 2905 s
1014 2859 1130 2906 Dodnelli
1145 2857 1218 2906 rutin-

155 2923 205 2970 tior
226 2925 295 2971 suuis
317 2927 372 2983 erit,
391 2939 462 2986 quum
479 2941 530 2974 esse
549 2926 631 2973 debuit
650 2927 670 2972 si
702 2926 783 2982 uibus,
798 2937 867 2986 quem
883 2925 1004 2986 sequimur
1021 2926 1047 2972 iu
1064 2921 1218 2980 chronologis

154 2993 259 3035 sumtus
268 2989 298 3037 iis
310 3004 362 3050 qum
373 2993 402 3037 ds
418 2993 469 3050 ejus
480 2996 549 3038 nisu
560 2993 673 3054 leguntur
703 2992 796 3044 ducem,
807 2989 972 3051 discrepemus.

157 3053 184 3098 in
198 3053 277 3113 Livio,
289 3055 332 3102 lib.
342 3056 436 3104 XXIV.
447 3072 468 3105 a.
479 3062 519 3105 49.
553 3056 591 3103 lbi
607 3057 670 3104 enim
736 3061 767 3103 io
784 3055 855 3102 Alter
864 3057 938 3102 stiam
948 3056 987 3101 uir
997 3057 1101 3116 optimus
1110 3061 1219 3102 amus

79 3125 82 3133 ’
156 3117 244 3164 dicitur
255 3119 345 3182 sepiem
363 3127 387 3168 et
402 3123 481 3168 decem
497 3135 575 3168 sonos
590 3127 670 3180 ustus,
696 3121 823 3182 judicatus
833 3115 899 3182 erat]
915 3120 967 3167 imo
978 3119 1017 3166 hic
1029 3121 1107 3181 Scipio
1118 3119 1217 3178 Nssics,

156 3196 222 3230 anno
233 3199 258 3231 ιι.
269 3201 289 3232 c.
303 3193 357 3236 589.
392 3187 462 3234 Unde
470 3191 606 3246 sequeretur
616 3201 671 3234 eum
704 3187 830 3233 Corculum
848 3186 936 3241 dictus,
947 3185 982 3230 bis
996 3187 1089 3244 consul,
1102 3190 1127 3230 et
1136 3187 1218 3246 ponti-

154 3253 301 3310 tunequum
313 3251 557 3314 pugnsmillsmoum
571 3253 671 3299 Gurtho-
695 3252 742 3297 'fex
761 3251 886 3304 maximus,
905 3249 956 3307 ejus
973 3251 1014 3310 qui
1030 3250 1060 3297 sb
1079 3255 1164 3296 sensio
1182 3249 1219 3296 vir

155 3311 305 3380 giniensibus
318 3318 433 3378 pugnavit
450 3319 479 3364 de
492 3330 540 3378 qus
554 3318 604 3377 ugit
620 3319 672 3364 huso
704 3317 808 3376 optimus
819 3317 942 3375 judicatus
956 3321 1016 3368 esst.
1029 3315 1091 3362 lilius
1101 3315 1154 3362 fuit.
1189 3313 1218 3361 ld

157 3380 345 3440 epitome,snno
363 3384 472 3431 nimirum
488 3397 546 3428 nc.
559 3386 614 3430 602.
627 3396 669 3430 sn·
704 3388 799 3428 constet
821 3395 849 3427 ex
878 3381 943 3427 omui
971 3381 1055 3428 horum
1082 3381 1216 3442 temporum

157 3457 216 3490 num
237 3449 314 3493 nostis
336 3449 502 3497 tantummodo
522 3448 625 3510 primum
646 3453 671 3495 et
703 3447 811 3493 historin.
842 3445 895 3492 Neo
919 3445 1048 3494 audiendus
1069 3447 1161 3492 Auctor
1189 3445 1218 3492 ds

157 3512 328 3570 octogesimum
337 3515 419 3570 egisse.
451 3513 504 3560 Nisi
517 3514 537 3560 si
545 3514 599 3576 quis
607 3528 671 3560 error
704 3512 756 3558 Vir.
769 3512 844 3559 illust.
856 3511 896 3571 qui
911 3512 1062 3558 consentiens
1073 3511 1130 3558 huie
1142 3510 1219 3572 epito-

157 3575 253 3635 isrepsii
263 3578 288 3625 in
306 3585 376 3625 notes
395 3593 545 3627 numerorum
560 3581 622 3641 opud
632 3579 672 3626 Li·
705 3591 749 3624 usse
761 3591 789 3624 ex
800 3576 892 3624 duobus
903 3590 978 3622 uuum
990 3576 1055 3624 feeit.

158 3641 232 3687 vium.
738 3649 766 3690 21
787 3643 879 3688 Nasica
891 3641 1053 3690 dissecaderstss
1066 3641 1163 3702 placuit
1180 3647 1218 3688 ta·

194 3712 223 3752 ¹⁸
241 3707 375 3758 Rosam
406 3709 492 3756 bellurn
523 3705 672 3773 meruerunt]
704 3703 769 3769 snas]
786 3707 915 3768 Distingue
931 3703 1220 3761 etseribe,Nasicadis·

159 3770 208 3818 ilio
222 3774 314 3820 nuntior
327 3781 364 3821 est
380 3774 469 3821 rithuei
486 3776 568 3832 codex,
579 3783 611 3830 et,
623 3790 671 3821 me·
703 3773 825 3820 suadente.
837 3773 938 3818 Placuit
946 3773 1048 3818 imsdsm.
1055 3772 1218 3819 Gnonovtus.

156 3839 269 3884 monente
285 3839 402 3896 Hesrnio,
418 3839 497 3886 addit:
515 3840 598 3886 Motus
611 3855 673 3900 proe·
738 3843 768 3884 99
786 3840 828 3884 Ad
843 3833 982 3898 ruminus]
998 3837 1063 3884 Olim
1079 3837 1113 3883 od
1128 3836 1219 3883 Taren·

158 3907 223 3948 terea
234 3903 323 3965 Syria,
335 3912 358 3950 es
375 3906 433 3950 lello
445 3905 588 3964 interreges
602 3913 673 3966 gesta
705 3911 766 3952 tum.
799 3903 909 3950 Correxit
926 3903 1038 3963 Sigonius
1056 3902 1177 3958 exueste,
1194 3910 1219 3948 et

156 3967 311 4026 rq‘eruntur:
333 3971 397 4015 iuter
419 3985 475 4030 quos
491 3975 569 4016 motus
587 3971 671 4016 Deme·
705 3969 758 4015 Vol.
774 3969 839 4016 Msx.
852 3971 867 4014 Ι.
880 3967 913 4012 11.
926 3983 946 4014 o.
959 3975 982 4014 4.

159 4033 223 4078 rrius
233 4034 360 4095 Syrioerec
371 4035 462 4082 accisus
473 4041 532 4081 erat.
738 4039 768 4080 23
788 4033 837 4089 Qui
853 4047 915 4079 anno
931 4033 1064 4088 centesimo,
1072 4032 1152 4091 prima
1164 4031 1221 4076 lello

194 4103 222 4146 19
238 4100 324 4145 Altero
340 4107 363 4146 st
381 4099 545 4147 sescentesimo
565 4111 626 4144 anus
642 4101 672 4147 ol
704 4097 809 4162 Punica]
827 4098 987 4144 Hicmultum
997 4097 1091 4143 minut
1102 4096 1183 4156 scripti
1195 4104 1221 4142 ot

158 4177 182 4209 u.
190 4159 222 4226 n]
240 4165 337 4225 Repetit
346 4162 440 4212 initium
450 4165 514 4212 tertii
523 4164 607 4210 Punici
616 4165 671 4212 belli
705 4164 770 4210 editi.
788 4164 922 4210 Gronovius
932 4162 990 4224 legit
998 4163 1102 4223 proxime
1113 4163 1145 4208 ud
1151 4161 1221 4218 MSS.

157 4233 242 4273 suntor
253 4228 324 4288 hujus
341 4231 455 4291 epitomes
467 4232 497 4278 sb
508 4230 633 4276 consulatu
643 4231 672 4276 Τ.
705 4243 802 4276 suorum
819 4229 898 4287 fidem,
910 4229 948 4274 vel
966 4230 1008 4290 qui
1023 4243 1085 4275 auno
1095 4229 1221 4276 curtesimo

160 4293 267 4350 Quintil,
282 4300 307 4340 et
318 4296 364 4343 Μ’.
374 4297 456 4355 Acilii,
473 4302 502 4344 ut
518 4300 585 4356 patet
600 4309 628 4341 ex
644 4309 673 4342 eo
706 4301 771 4352 arcte,
782 4295 818 4340 vel
831 4296 873 4358 qui
889 4300 946 4342 aute
956 4309 1046 4342 annum
1056 4295 1219 4349 centesimum,

159 4357 324 4418 quodbellum
337 4361 673 4422 honintrsquintumsnnum
704 4362 784 4422 primo
796 4360 889 4408 Punica
901 4359 964 4408 tella
1019 4417 1022 4422 Ι

204 4442 279 4487 vos.
298 4443 343 4486 ιν.
742 4445 764 4506 Q
