3154 4984
475 162 687 222 Liuxuv,
714 165 819 224 CAP.
840 165 878 225 V.
1093 185 1094 188 ’
1143 173 1199 236 173

124 329 223 414 paula
231 327 400 406 decedens,
414 324 592 392 Marcolica
606 328 708 413 nobili
722 327 802 394 ur'be
816 341 918 415 capta,-
934 328 1073 396 ¹⁷decem
1088 331 1200 418 pondo
1209 342 1276 404 uo:
1288 355 1356 404 aas·

127 416 210 493 auri,
229 428 261 480 et
282 415 406 503 argenti
428 414 504 479 ¹⁸ad
530 415 845 480 summam‘sester‘tii
868 416 971 481 decies
993 418 1026 481 in
1049 419 1198 483 aerarium
1207 419 1354 470 tic-1⁶⁸?

127 502 247 568 retulit.
293 501 425 567 Paullus
449 501 604 566 AEmilius
629 503 750 579 consul,
777 524 875 587 quum
901 515 1013 582 castra,
1040 517 1077 568 ut
1106 523 1354 590 supraeerseiute-

127 589 251 653 dictum
277 601 335 665 est,
352 589 393 653 ad
420 588 509 654 Siras
534 602 629 654 terrae
652 588 877 654 Odomanticae
902 589 1044 668 haberet,
1067 587 1364 677 ¹⁹quum¹‚³²²¹‘ffl¹i²¹·

127 674 235 741 literas
250 675 292 740 ab
307 698 382 760 rege
398 674 514 740 Perseo
536 698 594 760 per
608 674 762 758 ignobiles
778 690 842 740 tres
863 675 986 762 legatos
1000 694 1154 753 cerneret,
1171 655 1290 746 etrum,
1360 689 1362 696 '

127 765 197 846 ipse
208 763 549 828 inlacrimassedicitur
558 763 635 825 sorti
645 761 811 826 humanae:
827 764 925 847 quod,
935 766 989 850 qui
999 765 1108 850 paullo
1117 780 1202 845 aute,

127 871 195 914 non
229 862 397 914 contentus
434 871 534 936 reguo
565 848 777 927 Macedoniae,
809 849 981 915 Dardanos
996 869 999 876 ·
1013 850 1204 940 Illyriosque
1241 887 1243 894 v

128 939 355 1024 obpuguasset,
390 935 417 974 ²⁰
427 935 654 1000 Bastarnarum
689 936 855 1004 excivisset
888 937 1020 1014 auxilia,
1054 939 1082 1005 is
1122 952 1202 1017 tum,

129 1024 246 1088 amisso
269 1023 421 1101 exercitu,
443 1023 582 1086 extorris
605 1044 716 1110 regno,
736 1023 769 1086 in
795 1043 926 1108 parvam
952 1023 1090 1089 insulam
1115 1048 1203 1090 com-

129 1112 251 1197 pulsus,
275 1109 419 1196 supplex,
443 1107 509 1173 lani
535 1109 696 1196 religione,
720 1131 783 1173 non
806 1109 924 1175 viribus
948 1112 1022 1187 suis,
1045 1123 1134 1177 tutus
1156 1136 1204 1177 es·

130 1211 188 1262 set.
235 1196 297 1262 Sed
326 1210 507 1283 postquam,
530 1195 556 1234 ²¹
565 1197 680 1280 Regem
702 1198 819 1260 Persea
842 1199 958 1261 coamli
980 1201 1096 1264 Paullo
1121 1203 1205 1264 salu·

129 1294 202 1364 tem,
221 1283 312 1372 legit3
337 1283 571 1348 miserationem
598 1304 726 1346 ornnem
750 1282 882 1348 stultitia
904 1283 1081 1367 ignorantis
1103 1285 1206 1350 fdrtu·

130 1393 208 1433 nant
224 1392 312 1434 suam
328 1373 458 1434 exemit.
503 1370 616 1455 Itaque
631 1391 824 1455 quamquam
839 1370 871 1432 in
888 1370 1011 1456 reliqua
1030 1385 1122 1457 parte
1136 1373 1207 1437 lite-

131 1479 241 1520 rarum
266 1457 396 1520 minime
418 1456 514 1544 regiae
536 1478 645 1540 preces
661 1469 763 1535 erant,
780 1471 885 1520 tamen
908 1458 976 1521 sine
997 1479 1149 1542 responso
1169 1483 1207 1524 ac

132 1544 203 1608 sine
229 1543 328 1607 literis
354 1566 392 1607 ea
415 1544 534 1630 legatio
560 1543 688 1618 dimissa
718 1557 774 1607 est.
820 1543 925 1608 Sensit
953 1544 1100 1625 Perseus,
1119 1549 1208 1632 cujus

131 1631 273 1695 nominis
302 1629 551 1694 obliviscendum
581 1631 666 1693 victo
694 1644 794 1694 esset:
828 1630 936 1716 itaque
964 1631 1073 1695 alterae
1107 1633 1209 1698 literae

132 1739 206 1782 curn
222 1717 337 1802 privati
352 1717 490 1780 nominis
505 1715 600 1780 titulo
620 1717 735 1796 missae,
751 1730 782 1780 et
795 1717 925 1801 petiere,
942 1733 973 1780 et
988 1718 1208 1803 impetravere,

132 1818 171 1869 ut
193 1803 290 1890 aliqui
305 1803 346 1867 ad
369 1825 441 1866 eum
463 1805 675 1879 mitterentur,
692 1823 765 1867 cum
789 1804 904 1888 quibus
918 1803 1007 1891 loqui
1023 1804 1064 1870 de
1078 1818 1162 1870 statu
1177 1819 1209 1871 et

133 1890 321 1956 conditione
343 1913 409 1954 suae
430 1889 568 1955 fortunae
592 1901 710 1974 posset.
756 1889 849 1954 Missi
865 1904 939 1955 sunt
960 1903 1023 1956 tres
1046 1891 1076 1956 le
1098 1893 1150 1967 ati,
1170 1892 1208 1957 P.

136 1977 307 2058 Lentulus,
334 1979 371 2040 A.
396 1975 578 2040 Postumius
603 1976 748 2053 Albinus,
777 1978 818 2040 A.
840 1978 1012 2043 Antonius.
1058 1915 1147 2043 niihil
1172 2001 1210 2044 ea

136 2065 295 2152 legatione
323 2062 499 2147 perfectum
529 2075 585 2140 est,
615 2062 730 2127 Perseo
760 2063 884 2150 regium
913 2087 1030 2130 nomen
1060 2067 1148 2131 omni
1178 2067 1211 2129 vi

136 2151 356 2236 amplectente,
377 2149 498 2225 Paullo,
521 2163 557 2214 nt
579 2172 611 2212 se
637 2172 756 2235 suaque
777 2151 886 2214 omnia
910 2152 945 2214 in
967 2150 1066 2216 fidem
1091 2167 1123 2216 et
1146 2151 1210 2216 ele·
1290 2161 1304 2186 ·’

137 2239 290 2302 mentium
305 2236 416 2322 populi
435 2237 573 2300 Romani
588 2239 795 2319 permitteret,
813 2238 1039 2303 contendente.

182 2325 224 2388 V.
247 2325 337 2390 Dum
365 2323 434 2387 haec
455 2336 606 2410 aguntur,
626 2322 731 2386 classis
748 2323 808 2386 Cn.
826 2323 953 2388 Octavii
970 2325 1210 2390 Samothracam
1221 2350 1311 2398 crassis
1325 2351 1375 2397 rto.

136 2424 184 2477 est
199 2411 342 2496 adpulsa.
381 2410 413 2474 Is
429 2431 566 2559 quoque,
582 2409 732 2494 praesenti
746 2409 877 2474 admoto
892 2423 1023 2488 terrore,
1039 2413 1138 2477 modo
1152 2414 1294 2476 mimam
1304 2418 1335 2463 td

136 2499 199 2578 nis,
210 2498 306 2564 modo
317 2519 374 2582 spe
384 2518 440 2581 per
455 2499 546 2573 icere,
556 2511 592 2560 nt
603 2519 637 2560 se
649 2495 796 2572 traderet,
808 2519 907 2582 quum
919 2511 1106 2576 conaretur3
1122 2499 1212 2586 adju·
1220 2481 1363 2606 {ffiffi

137 2587 185 2649 vit
200 2586 232 2648 in
247 2584 309 2650 hoc
324 2606 396 2648 eum
413 2606 474 2661 res,
490 2607 545 2647 seu
560 2605 634 2648 casu
649 2596 822 2662 contracta,
840 2607 894 2649 seu
910 2585 1052 2650 consilio.
1086 2587 1127 2652 L.
1141 2588 1211 2652 Ati·
1221 2624 1255 2658 sa.

138 2673 202 2736 lius
217 2672 357 2737 inlustris
372 2670 565 2746 adolescens,
577 2692 674 2756 quum
691 2673 722 2734 in
735 2674 890 2736 concione
905 2695 971 2736 esse
985 2672 1140 2759 populum
1155 2676 1213 2739 Sa-

140 2759 342 2824 mothracum
353 2758 496 2822 animum
507 2757 699 2834 advertisset,
712 2781 731 2821 a
744 2759 980 2846 magistratibus
994 2761 1096 2844 petiit,
1106 2773 1143 2826 ut
1153 2761 1214 2826 sibi

137 2847 248 2932 paucis
273 2845 468 2931 adloquendi
493 2845 606 2929 populi
631 2857 820 2929 potestatem
847 2845 997 2911 lacerent.
1044 2847 1213 2927 Permisso,

145 2935 255 2999 Utrum
281 2955 345 3009 aas,
366 2933 500 3014 hospites
520 2933 740 3004 Samothraces,
763 2955 833 2998 uere
857 2936 1036 3017 acecpimus,
1052 2957 1095 2999 an
1108 2937 1213 3020 falso,
1237 2951 1238 2956 ’

138 3019 294 3085 ”sacram
308 3021 388 3083 hanc
403 3021 545 3099 insulam,
562 3029 592 3082 et
613 3021 738 3102 augusti
758 3029 854 3084 totam
876 3031 968 3105 atque
990 3024 1137 3098 inviolati
1156 3027 1217 3088 soli

140 3114 225 3174 esse?
258 3107 371 3184 Quum
400 3105 530 3170 creditae
560 3105 718 3169 sanctitati
744 3104 979 3171 adsentirentur
1004 3129 1126 3185 omneS,
1152 3111 1217 3175 Cur

140 3197 250 3282 igitur,
273 3194 386 3283 inquit,
409 3192 436 3232 ²⁵
439 3194 593 3278 pollutam
616 3193 769 3255 homicida
792 3197 944 3277 sanguine
965 3196 1048 3278 regis
1068 3197 1218 3264 Eumenis

176 3464 207 3512 lt
225 3464 310 3511 Decem
322 3463 476 3528 pondoauri]
494 3464 590 3512 Merces
608 3478 664 3511 nos·
730 3462 759 3512 21
783 3463 873 3524 Regem
899 3463 988 3512 Persea
1018 3463 1105 3510 masau
1132 3463 1219 3513 Paullo

141 3527 401 3576 trates15.uncias5.
695 3527 806 3590 salutern]
825 3529 1008 3590 Suppledicerc.
1038 3529 1152 3575 Cetemm
1167 3543 1220 3576 me·

176 3593 208 3640 18
223 3591 264 3638 Ad
279 3607 395 3639 summam
410 3594 512 3641 sestertii
525 3593 607 3656 metes]
624 3595 664 3640 Ad
696 3594 744 3640 lius
756 3594 879 3640 videretur
892 3595 945 3655 ipsa
959 3593 1100 3641 salutatoria
1110 3595 1219 3653 epistolae

142 3655 212 3706 mille
231 3658 351 3712 sestertia,
371 3670 423 3713 seu,
443 3660 509 3720 quod
530 3659 595 3703 idem
618 3665 664 3713 est,
698 3659 772 3704 verba
798 3658 897 3705 referri:
926 3658 981 3706 Rea
1003 3658 1105 3705 Persem
1132 3659 1221 3704 amanti

141 3723 266 3770 sestertios
285 3722 364 3768 decies
383 3724 475 3770 centies
494 3722 622 3769 millenos:
640 3724 666 3769 id
698 3721 785 3769 Paullo
795 3723 899 3770 salutem.

142 3795 190 3846 est,
200 3799 295 3834 marcas
304 3793 423 3834 nostrates
431 3789 526 3848 argenti
536 3787 608 3834 3906.
621 3801 665 3833 un·
732 3787 764 3836 22
781 3787 880 3834 Sacram
900 3788 960 3834 hanc
982 3787 1095 3850 iamlam]
1115 3789 1155 3834 De
1174 3787 1221 3834 diis

141 3854 192 3900 cias
201 3853 224 3902 2.
243 3853 358 3899 Ceterum
367 3852 406 3899 hic
417 3853 497 3913 prima
507 3851 582 3898 editio
593 3853 666 3899 habet
700 3851 887 3898 Samothracum
908 3858 934 3898 et
956 3865 1041 3900 eorum
1063 3853 1221 3914 religionibus

141 3919 283 3965 martium.
314 3917 423 3964 Mutavit
434 3917 578 3964 Gronovius.
697 3921 801 3977 egerunt
815 3917 898 3974 multi,
911 3917 1006 3964 sedvix
1016 3917 1151 3978 quidquam
1162 3917 1222 3964 clari

178 3983 210 4030 19
230 3981 309 4038 Quam
329 3981 421 4030 litteras
442 3982 470 4028 ab
492 3994 547 4043 rege
567 3979 665 4046 Perseo]
698 3988 742 4027 aut
763 3981 823 4028 certi
841 3983 984 4028 attuierunt.
1020 3980 1097 4029 'Hoc
1114 3989 1222 4040 constat,

145 4043 250 4109 Subjicit
273 4046 385 4094 Muretus
410 4048 509 4093 missas:
537 4059 593 4106 quae
619 4059 667 4092 vox
699 4045 753 4091 illas
772 4046 902 4106 religiones
924 4059 968 4106 pro
987 4048 1148 4093 sanctissimis
1170 4053 1223 4094 toto

143 4113 280 4160 necessaria
290 4112 394 4168 videtur,
407 4113 446 4158 vel
457 4112 548 4158 alutam
699 4109 763 4158 Orbe
783 4110 878 4157 habitas
897 4124 956 4158 esse.
984 4111 1071 4174 †Vid.
1088 4111 1188 4159 Diodor.
1205 4113 1223 4158 l.

177 4176 210 4224 20
226 4177 400 4224 Bastamarum
424 4178 546 4224 andnamt
566 4170 670 4238 casilia]
701 4172 1105 4224 v.suau1.x.nion.uuic.1.
1120 4176 1141 4224 1.

144 4241 231 4288 Prima
240 4241 314 4288 editio
325 4242 432 4289 cineret.-
449 4243 555 4304 vulgatu
565 4241 669 4300 seipsu-
735 4238 768 4287 23
783 4239 904 4287 Peltatam
923 4239 1041 4288 masada
1056 4243 1169 4302 sarmatae
1187 4253 1225 4290 rs·

143 4310 185 4353 set.
208 4306 347 4353 Gronovius
357 4307 434 4355 edidit
449 4309 587 4356 maumam:
604 4306 670 4366 quod
699 4305 867 4366 gamanam
881 4301 991 4369 violavit]
1011 4306 1077 4368 Lege
1093 4307 1225 4356 cumom-

143 4373 276 4432 perplacet.
703 4370 776 4418 novio
798 4369 852 4416 siue
873 4370 924 4418 ulls
942 4373 1097 4420 cunctatione
1114 4371 1225 4434 pameas.
