3154 4984
347 201 406 256 rar
727 187 843 252 rrrr
871 183 1014 254 Lrvri

181 377 252 440 ua
264 377 320 430 rea
343 359 450 425 minus
463 356 578 424 facere.
595 353 753 424 clamores
767 353 884 422 deinde
897 350 1042 420 dissonos
1064 351 1143 417 oriri
1164 356 1311 424 omnibus
1324 350 1414 439 locis,

182 445 320 497 Mili&
346 460 379 512 et
400 446 490 532 prius
517 447 631 522 hostes,
654 465 749 532 qnam
773 445 867 528 ipsos,
886 442 963 544 quid
986 453 1126 527 paretur,
1150 441 1239 505 scire.
1285 445 1418 512 Placere

346 533 455 621 igitur,
478 533 641 598 tribunum
664 532 801 596 militum
822 529 963 614 ⁸⁴prrmo
986 529 1052 613 pilo
1072 528 1206 614 legionis
1225 530 1416 598 “secretum

345 620 440 684 edere
454 620 640 704 imperium:
664 618 765 694 illurn,
781 631 813 682 et
827 616 901 680 dein
921 616 1071 704 singulos,
1086 617 1237 700 proximo
1252 620 1367 707 cuique
1379 621 1416 684 in

344 706 462 772 ordine
473 705 653 770 centurioni
674 705 789 782 dicere,
805 703 881 789 quid
904 725 986 786 opus
1008 701 1092 768 facto
1109 701 1163 778 sit3
1185 703 1249 769 sive
1272 708 1417 792 aprimis

347 793 447 880 signis
469 792 511 856 ad
536 793 743 857 novissimum
764 811 890 878 agmen,
910 791 974 854 sive
996 789 1037 853 ab
1059 790 1208 854 extremis
1229 792 1270 856 ad
1293 795 1416 880 primos

347 878 569 966 perferendum
582 878 751 964 imperium
766 878 815 942 sit.
853 876 974 964 Vigiles
987 877 1082 941 etiam
1093 897 1177 940 novo
1190 897 1280 942 more
1291 893 1418 945 scutum

347 969 382 1030 in
396 965 535 1054 vigiliam
558 964 640 1030 ferre
663 965 775 1030 vetuit:
800 984 864 1027 non
891 963 976 1027 enirn
998 963 1032 1026 in
1054 983 1194 1050 pugnam
1209 965 1336 1054 vigilem
1358 968 1417 1045 ire,

346 1070 384 1120 ut
398 1052 495 1118 armis
511 1066 629 1130 utatur,
646 1051 700 1116 sed
716 1052 758 1117 ad
773 1050 979 1136 vigilandum,
995 1061 1041 1129 ut,
1058 1071 1156 1136 quum
1172 1054 1303 1116 senserit
1317 1052 1418 1118 hosti·

346 1162 402 1205 um
417 1139 600 1215 adventurn,
616 1139 748 1224 recipiat
762 1158 804 1214 se,
817 1137 992 1223 excitetque
1006 1138 1047 1202 ad
1061 1159 1151 1201 arma
1165 1137 1254 1204 alios.
1283 1139 1418 1205 86θοιιιο

346 1249 418 1314 praa
432 1249 466 1292 se
487 1239 593 1292 erecto
614 1238 695 1290 stare
715 1223 870 1312 galeatos:
894 1222 1029 1288 deiudeb
1043 1223 1097 1289 ubi
1120 1224 1191 1288 lessi
1207 1227 1280 1304 sint,
1298 1227 1418 1291 inuisos

346 1315 425 1399 p'rlo,
440 1314 546 1400 capite
562 1335 663 1398 super
683 1312 859 1398 marginem
881 1312 960 1374 scuti
988 1311 1101 1392 posito,
1116 1311 1236 1395 sopitos
1258 1325 1357 1377 stare:
1381 1323 1419 1379 ut

346 1397 543 1489 fulgentibus
553 1403 649 1464 armis
660 1399 771 1484 procul
784 1395 955 1482 ⁸⁷conrpici
967 1397 1009 1461 ab
1019 1397 1111 1462 hoste
1120 1397 1252 1482 possint,
1265 1399 1326 1486 ipsi
1337 1399 1418 1463 nihil

347 1488 548 1575 provideant.
601 1488 780 1550 Stationum
811 1505 940 1571 quoque
970 1505 1092 1548 morem
1121 1487 1266 1552 mutavit.
1303 1487 1419 1552 armati

349 1596 469 1654 ornnes,
486 1587 519 1638 et
538 1572 669 1638 frenatis
688 1572 777 1658 equis
790 1571 923 1656 equites,
937 1570 1021 1635 diem
1040 1582 1142 1635 toturn
1165 1573 1360 1656 perstabant.
1383 1574 1419 1638 id

348 1683 448 1748 quum
469 1660 588 1724 aestivis
611 1659 733 1735 diebus,
757 1671 870 1722 urente
895 1657 1022 1722 assiduo
1043 1658 1120 1738 sole,
1135 1657 1233 1736 fieret,
1252 1672 1301 1724 tot
1322 1660 1419 1725 hora-

347 1770 419 1812 rum
442 1759 523 1812 aestu
545 1759 577 1812 et
601 1745 755 1834 languore
779 1746 864 1828 ipsos
883 1765 1044 1831 equosque
1065 1744 1164 1810 fessos
1188 1746 1306 1834 integri
1332 1769 1419 1831 saepe

346 1835 451 1900 adorti
466 1833 584 1909 hostes,
593 1833 652 1898 -rel
666 1833 759 1917 pauci
774 1830 882 1915 plures
896 1830 1061 1896 vexabant.
1086 1833 1191 1918 itaque
1205 1855 1246 1897 ex
1262 1835 1419 1900 matutina

348 1920 541 1986 statione'ad
555 1919 721 1984 meridiem
733 1917 856 1994 decedi,
866 1931 898 1982 et
912 1918 945 1981 in
956 1917 1235 2003 postmeridianam
1250 1921 1420 1985 succedere

287 2035 292 2054 ·
347 2008 426 2072 alios
444 2007 558 2093 jussit:
585 2007 631 2071 ita
654 2025 830 2090 numquam
854 2002 1002 2093 fatigatos
1027 2026 1136 2070 recens
1158 2003 1260 2070 hostis
1286 2006 1421 2096 adgredi

239 2087 242 2096 ’
348 2107 486 2182 poterat.

392 2179 565 2247 XXXIV.
590 2162 674 2244 H'aec
688 2201 788 2265 quum
803 2179 847 2243 ita
859 2177 927 2242 fieri
942 2176 1080 2264 placere,
1090 2179 1243 2246 concione
1253 2179 1422 2259 advocata,-

347 2268 598 2356 pronunciasset,
622 2266 737 2352 adjecit
758 2265 889 2348 urbanae
912 2266 1059 2330 concioni
1084 2268 1324 2334 convenientem
1348 2291 1422 2332 ora-

184 2373 268 2424 Oratio
277 2375 318 2423 m.
348 2358 479 2422 tionem.
516 2355 615 2420 Unam
627 2356 840 2437 imperatorem
856 2355 890 2416 ia
901 2355 1036 2417 exercitu
1039 2355 1207 2436 prouidere
1217 2365 1247 2419 et
1256 2357 1422 2433 consulere,

159 2513 161 2522 ⁴
182 2505 246 2552 lites.

183 2441 427 2530 maritumi-quid
449 2444 603 2530 agendam
627 2443 679 2518 sit,
696 2439 813 2517 dedere,
836 2461 917 2504 nunc
932 2462 995 2523 per
1010 2461 1052 2516 se,
1079 2461 1159 2504 nunc
1183 2464 1247 2506 cam
1273 2444 1324 2520 iis,
1348 2463 1423 2526 quos

350 2531 548 2596 advocaverit
557 2530 591 2592 in
602 2529 771 2592 consilium.
794 2529 849 2610 qni
859 2548 920 2592 nan
933 2528 997 2590 sint
1007 2529 1161 2604 advocati,
1174 2551 1223 2592 eos
1237 2551 1291 2593 nec
1299 2532 1421 2612 palam,

349 2639 405 2681 nec
428 2625 541 2682 secreto
553 2614 682 2698 jactare
704 2615 834 2677 consilia
858 2634 924 2676 aaa.
969 2613 1108 2677 Militem
1133 2615 1198 2678 laec
1222 2618 1287 2680 tria
1312 2637 1423 2679 curare

349 2702 467 2778 debere,
483 2709 639 2784 corporat
654 2721 743 2784 qaam
759 2701 978 2782 ualidissimum
993 2709 1023 2764 et
1039 2701 1287 2782 pernicissimam·
1298 2703 1420 2780 lrabeat,

349 2810 438 2852 arma
454 2799 543 2870 apta,
559 2785 687 2850 88cibam
704 2794 853 2867 paratam
875 2785 915 2848 ab
935 2785 1036 2850 arbita
1052 2789 1203 2870 imperia.-
1226 2798 1327 2853 cetera
1344 2791 1423 2854 scire

349 2877 388 2940 de
407 2897 441 2938 se
455 2875 532 2944 Diis
555 2871 768 2936 inmortalibus
789 2881 820 2935 et
841 2873 1025 2954 imperatori
1037 2895 1091 2938 sao
1112 2895 1194 2937 cara
1214 2897 1287 2940 esre.
1308 2877 1343 2938 in
1366 2898 1424 2961 qao

349 2963 487 3026 caercitu
500 2959 655 3037 ”militem
670 2959 781 3033 consul,
798 2967 828 3020 et
842 2959 1011 3041 imperator
1018 2960 1186 3024 nemoribus
1199 2963 1285 3046 uulgi
1297 2963 1424 3027 circum·

350 3057 476 3134 agatur,
494 3047 540 3110 ibi
554 3045 636 3109 nihil
648 3046 788 3109 salutare
808 3064 878 3108 esse.
922 3045 962 3110 Se
976 3049 1057 3130 quad
1075 3049 1118 3112 sit
1139 3047 1269 3134 officium
1290 3052 1424 3132 impera·

350 3135 440 3215 toris,
449 3134 656 3217 provisuram,
672 3140 707 3195 at
720 3131 794 3194 berre
803 3133 948 3216 gerenda
960 3134 1009 3196 rei
1018 3134 1202 3198 occasionem
1216 3137 1261 3198 eis
1272 3136 1424 3219 praebeat.

350 3223 422 3286 illos
436 3221 527 3296 nihil,
544 3220 626 3305 quoa
637 3215 780 3301 suturam
800 3220 852 3295 sit,
868 3240 1020 3303 quarere:
1042 3221 1096 3284 ubi
1112 3222 1216 3284 danem
1237 3223 1356 3307 signum
1371 3226 1423 3301 sit,

351 3318 413 3373 tum
429 3309 596 3392 militarem
609 3327 733 3388 operam
747 3324 874 3370 navare.
918 3303 973 3371 Ab
988 3305 1036 3370 his
1057 3307 1226 3392 praeceptis
1240 3309 1427 3374 concionem

765 3457 778 3496 b
789 3459 843 3507 dein
854 3459 929 3507 Gron.
943 3461 1013 3508 Crer.

295 3643 303 3656 ,.
356 3641 360 3650 ,
385 3597 420 3644 84
435 3595 579 3660 Primopilo]
592 3591 874 3644 vid.n0t.ta.ao1.11.
939 3593 972 3642 88
990 3595 1072 3642 Uriam
1084 3596 1208 3660 paratam]
1226 3595 1296 3643 Nihil
1312 3595 1354 3642 hic
1371 3609 1430 3644 rnu-

339 3663 427 3710 ·c.27.
907 3662 1011 3710 tandum
1023 3666 1067 3708 est.
1101 3662 1229 3708 observari
1245 3663 1326 3721 potuit
1343 3661 1371 3706 in
1387 3676 1428 3708 su.

385 3725 579 3788 85'Scerctrrm]
598 3724 647 3771 Soli
657 3724 797 3785 primopilo,
810 3735 874 3770 seor·
907 3726 1040 3784 perioribus
1062 3727 1130 3773 libris
1154 3727 1282 3787 aliquoties
1308 3725 1428 3773 militibus

352 3805 410 3840 eum
418 3807 434 3839 a
444 3791 537 3838 cereris.
908 3791 1026 3838 Romanis
1042 3791 1203 3850 imperatum,
1215 3797 1243 3838 ut
1259 3792 1349 3838 cibaria
1360 3795 1429 3838 cocta

386 3855 419 3904 86
435 3855 506 3902 Scuto
517 3869 571 3915 pra
586 3852 705 3917 remeato]
739 3854 800 3902 Hac
816 3857 876 3900 sunt
907 3855 933 3900 in
942 3861 1038 3904 certum
1049 3857 1143 3903 dierum
1152 3867 1284 3904 numerum
1294 3857 1427 3902 haberentr

353 3923 510 3970 incommoda
532 3935 586 3980 quar
615 3924 750 3980 sequuntur
779 3931 809 3964 ex
833 3919 875 3964 ilio
908 3927 936 3966 ut
947 3921 964 3964 1.
977 3921 1026 3968 111.
1036 3936 1057 3967 c.
1070 3920 1111 3969 27.
1121 3927 1146 3967 et
1156 3921 1214 3967 alibi
1225 3921 1322 3980 saepius.

354 3999 424 4034 more
445 3999 519 4046 quern
546 3987 664 4033 hactenus
685 3989 824 4038 tenuerant,
846 3989 876 4030 ut
940 3985 1341 4048 89Mr‘litcrcorrralctimprrator]
1353 3985 1430 4033 Hunc

356 4057 454 4098 scutum
465 4056 491 4097 et
501 4056 582 4098 cetera
592 4063 661 4097 arma
671 4048 697 4094 in
708 4049 818 4110 vigiliam
828 4047 880 4093 iar·
908 4050 991 4097 locum
1018 4051 1113 4112 egregie
1139 4052 1253 4098 emendat
1275 4051 1431 4098 doctissimus

355 4121 420 4164 rent.
908 4115 977 4162 idem
1007 4123 1032 4162 et
1065 4116 1252 4176 ingeniossimus
1279 4113 1429 4162 Perizonius.

388 4180 421 4227 87
439 4181 547 4239 conspici
559 4213 566 4227 .
578 4211 585 4226 .
598 4212 605 4228 .
617 4211 624 4227 .
635 4179 735 4241 possint,
754 4181 801 4241 r'pd
817 4178 879 4228 nibil
911 4179 944 4226 Ia
959 4193 1003 4241 qao
1020 4181 1124 4228 asama
1141 4181 1228 4228 militar
1245 4180 1376 4238 manaim,
1391 4179 1430 4228 rei

351 4243 504 4308 prmidearrt]
528 4246 610 4292 Securi
627 4257 713 4292 sumus
729 4245 878 4295 emendatio·
910 4243 976 4292 mtler
1002 4246 1113 4298 mmatat,
1141 4246 1266 4306 imperator
1293 4245 1431 4292 'rumoribus

356 4323 414 4356 nem
431 4309 556 4364 Gronorit
573 4323 651 4370 quum
673 4307 740 4368 prius
757 4310 879 4371 legeretur
911 4308 980 4370 vulgi
997 4311 1181 4372 eirmmagatur,
1199 4311 1232 4357 itt
1247 4309 1310 4357 rrilrtl
1329 4309 1432 4358 mlatm

353 4373 598 4434 pmritetprom'dmt.
911 4387 965 4420 erre.
1330 4377 1334 4384 '
