3056 4976
340 213 394 274 to*
649 201 822 274 fuiti
848 200 987 274 trus-'1

179 389 211 438 u,
220 389 248 436 u.
257 393 314 442 sss.
338 371 561 462 relinquerent,
574 388 629 440 ut⁰
642 376 724 440 cives
740 363 878 441 Romani
892 376 1022 442 fiebant.
1068 363 1198 456 Posteaq'
1208 372 1257 440 bis
1270 365 1404 463 quoque

177 455 208 501 Α
220 455 249 504 ⁰⁵
260 461 313 507 ¹²7·
338 461 528 548 imaginibus
548 462 629 548 juris
644 463 765 548 spretis,
782 466 959 549 promiscue
972 465 1040 528 sine
1053 462 1135 550 lege,
1151 464 1219 527 sine
1240 463 1347 548 stirpe,
1363 465 1404 528 irr

194 553 197 562 ’
337 549 495 630 ciuitatem
513 549 689 612 Romanam
707 571 765 634 per
786 550 1006 638 migrationem
1022 561 1053 613 et
1067 571 1194 617 censum
1210 550 1401 614 transibant.

337 635 419 699 Hac
432 656 471 698 ne
478 629 716 717 posteafieient,
727 635 878 720 petebant
891 635 996 722 legati,
1007 646 1036 700 et
1049 646 1083 700 ut
1092 639 1200 718 redire*
1209 637 1243 698 a‘rs
1257 637 1401 716 ciuitates

324 719 470 803 juberent
482 723 577 786 socios
584 744 597 796 ,·
613 722 767 786 deindeut
779 724 1007 805 tegernsensi,
1021 720 1092 785 ³⁸sse
1105 725 1175 806 quis
1188 741 1275 805 quern
1288 723 1402 786 rinito-

194 853 197 862 .
335 808 377 870 tis
391 805 546 871 ismundus
566 828 672 872 caussa
692 829 775 872 suum
788 809 926 891 faceret,
940 829 1014 874 nene
1034 810 1204 880 alienaret.-
1224 817 1265 884 et,
1280 810 1310 871 si
1330 809 1402 891 qais

335 894 383 956 ita
396 894 472 958 ciuis
487 893 643 959 Romam
651 894 763 978 fuctus
783 903 858 959 esset
870 893 954 958 Μ’.
1000 893 1085 960 Haec
1105 895 1274 979 impetrata
1292 894 1334 958 ab
1349 914 1403 958 se··

335 992 424 1044 natu.
460 1043 462 1048 ,
536 1005 538 1014 ·
630 1017 632 1024 -
857 1013 858 1020 1
1393 1022 1399 1030 -

378 1063 443 1130 IX.
468 1064 645 1131 Provinciae
665 1063 790 1142 deinde,
807 1087 879 1151 quae
900 1066 933 1130 in
955 1065 1042 1131 bello
1062 1077 1163 1144 erant,
1181 1064 1328 1131 Sardinia
1349 1076 1402 1130 at·

334 1171 396 1238 que
409 1151 506 1216 Istria
519 1151 665 1216 decretae.
711 1151 750 1216 In
768 1152 945 1218 Sardiniam
960 1152 1034 1216 duae
1054 1151 1193 1252 legiones
1215 1150 1310 1216 scribi
1324 1151 1402 1237 jus·

333 1259 397 1314 soe3
418 1238 516 1324 quina
529 1237 628 1301 millia
642 1239 675 1301 in
696 1237 834 1325 singulas
849 1252 880 1303 et
898 1238 1014 1303 duceni
1026 1237 1157 1324 pedites,
1173 1238 1292 1303 treceni
1306 1239 1400 1323 equi·

333 1335 396 1397 tes3
419 1336 450 1389 et
464 1323 633 1389 duodecim
653 1322 753 1402 millia
774 1324 916 1409 peditum
934 1325 1093 1390 sociorum
1108 1347 1147 1390 ac
1161 1324 1270 1390 Latini
1290 1325 1398 1388 nomi·

332 1410 391 1488 nis,
407 1422 440 1474 et
453 1410 592 1474 sexcenti
604 1409 744 1494 equites,
759 1424 791 1475 et
815 1410 924 1474 decem
946 1413 1188 1496 quinqueremes
1213 1431 1318 1498 naves,
1334 1409 1398 1474 ⁴⁰si

197 1539 201 1546 -
253 1567 256 1574 Δ
321 1494 489 1582 'deducere
510 1518 551 1560 ex
573 1495 735 1560 navalibus
757 1497 859 1561 vellet.
903 1495 1119 1562 Tantumdem
1141 1496 1285 1581 peditum
1304 1499 1398 1583 equi·

331 1593 463 1668 tumque
487 1582 521 1646 iu
544 1582 678 1658 leniam,
693 1595 847 1668 quantum
871 1584 904 1647 in
928 1582 1306 1664 Sardiniam‚decretum.
1352 1582 1400 1648 Et

330 1663 489 1756 legionem
516 1689 612 1734 unam
629 1689 701 1732 cum
725 1667 881 1754 equitibus
903 1670 1059 1748 trecentis,
1074 1682 1106 1734 et
1130 1669 1271 1755 quinque
1295 1668 1397 1734 millia

330 1753 473 1839 peditum
488 1755 656 1835 sociorum,
670 1769 701 1819 et
719 1753 872 1820 ducentos
887 1757 963 1841 quin
987 1755 1118 1842 uaginta
1130 1753 1292 1821 ⁴¹mittere
1305 1755 1398 1842 equi-

330 1851 384 1912 tes,
400 1841 434 1906 iu
460 1839 649 1925 Hispaniam
674 1839 817 1906 consules
841 1839 882 1906 ad
909 1840 959 1905 M.
1009 1842 1133 1906 itinium
1151 1840 1242 1927 jussi.
1287 1838 1398 1906 Prius-

168 1939 284 2004 Prodigis
353 1948 424 1992 uam
436 1926 578 1992 consules
591 1927 769 2012 provincias
784 1927 981 2005 sortirentur,
992 1928 1136 2014 prodigia
1150 1927 1301 1992 nunciata
1309 1940 1395 1991 sunt.

329 1949 486 2098 lapidem
502 2013 534 2076 in
550 2033 628 2100 agro
645 2012 851 2077 Crustumino
865 2012 898 2076 in
913 2011 1016 2078 lacurn
1030 2013 1146 2078 Martis
1160 2012 1201 2077 de
1213 2013 1297 2078 coelo
1310 2013 1398 2079 ceci-v

328 2097 422 2164 disse.
455 2097 628 2164 ⁴'Puerum
642 2098 746 2163 trunci
762 2099 905 2184 corporis
919 2099 951 2162 in
967 2119 1046 2186 agro
1062 2100 1212 2163 Romano
1222 2111 1346 2175 natum,
1360 2114 1401 2164 et·

258 2267 259 2272 ἵ
351 2183 567 2270 uadrupedem
578 2205 713 2272 anguem
726 2186 839 2249 visum:
851 2200 886 2249 'et
898 2184 1020 2270 Capuae
1029 2184 1128 2250 multa
1137 2185 1170 2248 in
1179 2184 1249 2249 foro
1258 2185 1396 2251 aedificis

327 2207 464 2336 de‘coelo
478 2284 580 2336 tactas
602 2284 634 2334 et
650 2271 792 2336 Puteolis
806 2269 885 2335 duas
906 2292 1001 2335 nares
1018 2270 1159 2336 fulminis
1180 2271 1247 2336 ictu
1261 2293 1397 2337 concre-

761 2395 956 2441 ⁰utl.s's'Gron.
993 2400 996 2406 ’

325 2491 428 2540 veterem
455 2491 593 2554 scripturam
619 2494 790 2551 resonavimus,
813 2508 843 2542 ne
874 2491 932 2542 tem.
965 2494 1009 2540 ilis
1034 2491 1097 2541 eninr
1125 2498 1187 2542 recte
1215 2491 1302 2539 dicitur
1322 2507 1395 2540 mass

327 2557 366 2603 bic
387 2555 454 2605 locus
477 2560 553 2619 specis
573 2561 683 2606 sanitatis
703 2561 841 2618 imponeret.
867 2560 952 2620 fucere
973 2571 1027 2606 enm
1050 2573 1120 2621 quem
1145 2557 1264 2618 mancipio
1291 2557 1394 2617 accipin

234 2659 241 2668 ,
327 2623 478 2682 Perspicuum
500 2628 538 2670 est
556 2623 636 2670 deesse
657 2624 754 2683 aliquid.
786 2624 843 2670 Duo
875 2623 914 2670 bic
930 2623 1034 2670 alienare
1050 2638 1104 2672 eum
1122 2636 1191 2683 quem
1207 2622 1288 2670 tradit.
1323 2621 1395 2670 eete-

326 2687 390 2735 enim
410 2701 496 2748 genera
512 2688 601 2752 fraudis
616 2702 688 2749 suprs
706 2688 844 2748 explicanda
875 2703 937 2745 rum.
948 2689 969 2747 si
987 2699 1016 2736 es
1032 2690 1169 2748 conjecturs
1185 2702 1257 2748 quam
1273 2691 1395 2751 superiore

326 2757 502 2811 proponuntur,
514 2750 615 2800 alterum
630 2766 678 2812 quo
691 2753 772 2810 sociis,
785 2753 845 2798 alte·
875 2759 934 2800 nota
944 2755 1093 2813 exposuimus
1103 2767 1166 2801 sans
1180 2756 1287 2809 nonest,
1300 2753 1395 2800 videtur

325 2829 378 2864 runs
391 2830 438 2875 quo
450 2818 538 2876 populo
549 2819 659 2866 Murano
671 2818 736 2866 tieret
747 2817 844 2876 injuria.
874 2823 899 2866 et
911 2819 950 2864 hic
961 2819 1074 2865 excidisse
1085 2819 1181 2880 aliquod
1194 2819 1266 2878 buius
1283 2818 1345 2878 legis
1355 2832 1395 2868 cs·

326 2880 357 2926 In
373 2881 451 2941 priore
461 2881 532 2939 huius
549 2883 637 2942 periodi
656 2881 760 2928 membro
777 2882 843 2941 prius
875 2889 930 2943 put,
941 2883 1052 2930 nimirum
1064 2889 1149 2932 contra
1162 2880 1325 2933 nmdutentss
1340 2883 1395 2930 illas

325 2945 414 2991 fraudis
431 2947 663 3005 genusetinjnrism
675 2947 842 2994 sociisisotam
875 2949 1022 3008 adoptiones.
1518 2995 1519 3020 q

324 3010 487 3066 intelligimus.
512 3006 570 3058 'Hic
600 3012 674 3073 igitur
703 3018 843 3073 exposuerat
904 3017 937 3063 89
956 3009 1142 3076 viaisseesset]
1158 3013 1215 3060 Hoc
1225 3013 1398 3071 adjectumest·
1489 3069 1492 3078 y
1518 3027 1519 3082 q

233 3074 236 3080 '
325 3076 407 3135 procul
427 3074 500 3121 dubio
514 3077 596 3124 Livius
612 3083 636 3124 et
652 3078 752 3124 alterum
768 3079 842 3138 quod·
873 3078 1391 3140 exmenteSigoniiutexpleretursensus:
1518 3117 1519 3150 q

325 3141 382 3188 dnm·
402 3152 478 3201 genus
500 3139 589 3189 fraudis
612 3142 643 3189 ab
665 3143 694 3190 iis
717 3143 841 3190 inductum
874 3143 921 3190 nisi
942 3144 1015 3204 quod,
1033 3157 1105 3202 quum
1125 3143 1165 3189 ilie
1184 3143 1254 3190 scribi
1276 3143 1391 3202 voluerit,
1518 3181 1519 3208 q

325 3204 410 3263 quibus
426 3204 498 3266 stirps
512 3207 613 3265 deesset,
624 3212 649 3254 et
666 3207 777 3268 injuriam
794 3208 841 3256 tao·
873 3209 934 3256 riou
950 3223 998 3255 son
1011 3214 1081 3265 esset,
1092 3209 1217 3254 maluimus
1233 3209 1300 3268 sequi
1315 3208 1395 3268 Dujs·

324 3274 375 3316 tam
407 3269 497 3331 populo
529 3271 647 3320 Romano.
690 3273 842 3334 Suspicsmur
872 3274 944 3330 tium,
957 3273 998 3333 qui
1013 3273 1123 3319 observat
1138 3273 1263 3321 turmulam
1278 3273 1303 3318 in
1322 3287 1395 3320 sauo-

323 3334 429 3382 irenem
452 3334 478 3380 in
494 3349 523 3382 eo
544 3337 647 3396 positam
665 3337 747 3396 inisse,
766 3339 840 3398 quod,
872 3338 979 3385 tionibus
1001 3337 1137 3396 hujusmodi
1159 3342 1277 3399 receptam
1299 3339 1395 3394 exigere

324 3398 411 3458 quibus
432 3399 504 3461 stirps
529 3401 628 3458 deant,
651 3403 668 3450 ii
700 3403 841 3463 adoptarent
871 3403 1148 3464 potiusne,qusmsssss.
1364 3439 1367 3446 ,
1389 3424 1399 3446 .=

274 3477 276 3480 ·
324 3466 437 3525 quosdam
448 3466 511 3512 cives
520 3480 586 3525 suos,
594 3481 654 3528 quos
663 3467 763 3514 fortasse
774 3473 849 3528 post,
882 3473 936 3514 «4ο
952 3469 983 3513 Ss'
999 3468 1110 3514 arduom
1120 3481 1155 3524 ‚es
1170 3467 1295 3514 noaldus
1310 3465 1396 3534 odet]

323 3535 352 3576 e's
368 3530 528 3590 emancipatos
547 3533 613 3580 dumi
631 3531 800 3592 relinquerent,
813 3540 842 3579 ut
874 3530 990 3582 Quanam
1010 3533 1052 3579 ilis
1073 3531 1190 3578 dubitatio
1210 3531 1265 3580 est?
1287 3539 1331 3580 snt
1350 3537 1393 3590 cnr
1518 3553 1519 3582 l

323 3595 379 3655 ipsi,
389 3597 457 3656 quasi
473 3597 570 3656 stirpem
587 3598 747 3657 relinquentes
758 3597 783 3643 in
798 3612 840 3657 ps·
873 3598 948 3644 nollet
965 3597 1048 3644 consul
1065 3611 1165 3644 nsvesre
1181 3597 1305 3644 msalibus
1316 3591 1392 3644 dedu·
1518 3617 1519 3660 q

322 3661 370 3706 tris
380 3674 433 3719 sus,
444 3662 507 3708 eires
518 3661 620 3708 Romani
632 3663 722 3710 tierent.
750 3663 805 3709 Hac
815 3675 841 3708 rs
873 3661 944 3710 cere?
963 3662 1099 3710 Gronovius
1116 3662 1182 3720 legit,
1193 3677 1252 3723 psas
1264 3663 1393 3712 &meoet
1518 3663 1519 3698 l

323 3725 394 3772 fiebat
410 3728 500 3787 populo
511 3740 605 3787 quoque
615 3727 725 3774 Romano
741 3727 838 3786 iniuria,
872 3741 903 3776 es
913 3728 998 3789 quibas
1008 3727 1132 3774 aseddus
1143 3728 1228 3775 satur:

310 3791 348 3836 .iu
359 3804 429 3850 quem
446 3791 558 3852 inquilini
575 3792 642 3838 nullo
656 3791 710 3850 jure
720 3796 745 3838 et
759 3793 842 3839 adver*
903 3799 933 3838 el
953 3793 1053 3839 Mittere
1069 3823 1095 3842 ..
1112 3793 1139 3838 in
1153 3791 1302 3854 Hispaniam
1317 3825 1326 3840 .
1339 3821 1347 3840 0
1358 3793 1394 3840 ud

230 3878 232 3888 v
321 3869 363 3902 sus
384 3857 442 3912 legis
464 3863 568 3902 mentem
593 3870 643 3902 sese
667 3855 839 3905 immiscebant.
870 3857 909 3904 M.
922 3851 1054 3919 litinisssss]
1079 3857 1118 3904 Ex
1144 3859 1190 3904 boc
1213 3855 1268 3904 ioco
1293 3857 1391 3918 collegit

321 3921 407 3980 Itaque
436 3921 615 3974 crediderimus¹
630 3922 723 3968 nulium
753 3922 838 3969 vitium
871 3923 967 3978 Pighius
985 3923 1060 3970 {bissa
1075 3923 1287 3982 superioresono,
1305 3927 1392 3984 pratus·

320 3985 398 4032 inesse
416 3985 441 4032 iu
460 3986 544 4033 rocula
560 3991 597 4043 ut,
611 3985 749 4046 Lirinusque
764 3987 838 4048 scrip·
870 3988 906 4034 M.
916 3987 1034 4042 Titinium
1061 3987 1197 4046 pretorem
1211 3987 1288 4045 urbis,
1316 3987 1390 4036 etism

321 4049 380 4098 sisse
398 4057 426 4096 ast
442 4052 505 4098 assu
517 4051 625 4098 Romi
633 4051 838 4110 fierent...Re·
870 4054 970 4100 alterum
993 4053 1028 4100 Μ.
1047 4053 1168 4100 Titinium·
1189 4059 1326 4113 pratorum,
1348 4053 1398 4100 eus

319 4115 386 4176 liqns
393 4117 485 4176 expiere
495 4117 546 4162 sine
557 4115 623 4162 libris
634 4129 682 4162 nou
693 4129 826 4176 possumus.
870 4117 1011 4179 Hispaniam
1022 4117 1154 4176 citeriorem
1164 4118 1280 4174 obtigisse
1292 4117 1392 4179 ‘apparet

351 4185 383 4226 8⁸
400 4180 440 4228 Ne
457 4183 511 4242 qsss's
533 4196 718 4242 quermnuuns
731 4182 837 4240 faceret,
868 4182 1060 4230 excantans

320 4257 377 4290 asse
387 4243 513 4307 οιῑιιιανιε]
529 4247 595 4292 Prior
613 4260 667 4306 pm
678 4252 723 4299 est,
735 4253 763 4292 nr
774 4253 841 4294 rests
900 4251 932 4294 ts
948 4248 1055 4294 Puerum
1066 4243 1274 4308 mutassetis]
1289 4247 1390 4295 urum·

320 4309 429 4356 obsersst
448 4311 593 4368 Gronovius,
612 4317 697 4357 eontra
718 4312 836 4372 accipisn-
868 4311 920 4358 isne
941 4317 1070 4370 arentem
1083 4325 1115 4359 su
1132 4312 1307 4376 aptarum
1322 4313 1391 4364 etsist

320 4379 371 4422 tem
388 4375 518 4437 maniplo,
537 4375 653 4437 posterior
672 4375 759 4423 eoum
779 4377 838 4426 dsu-
870 4376 1071 4442 tranciambigus
1080 4379 1135 4439 est]
1214 4419 1216 4422 .
