3056 4976
454 168 548 228 ΗΒ.
568 167 652 230 xm.
678 170 782 230 CAP.
805 169 847 229 11.
1157 176 1178 228 3
1274 197 1278 200 ·

111 327 228 396 cohors
245 331 431 399 Placentina
445 333 590 420 obposita
603 335 686 400 inter
695 355 783 400 snare
797 343 829 398 et
843 341 960 399 castra:
984 343 1026 411 et,
1039 342 1079 397 ut
1089 331 1173 398 idere
1185 341 1252 394 tiu
1264 349 1321 394 ³⁷⁴·

109 418 318 502 aquatoribus
340 421 382 484 ad
402 421 534 486 fluvium
558 433 647 486 esset.
661 419 854 506 praesidium,
876 417 928 484 M.
942 419 1095 486 AEbutius
1118 407 1251 484 tri-3⁰·
1266 415 1322 462 ¹²⁸*

111 503 218 568 burrus
242 505 379 571 militum
404 507 550 574 secundm
574 507 708 596 legionis
731 507 814 572 duos
838 505 1016 592 manipulos
1039 505 1174 572 militum

110 588 250 675 adjicere
270 593 376 676 jussus
396 605 452 658 est.
497 593 539 658 T.
561 605 594 658 et
616 593 751 658 C.AElii
773 592 893 658 tribuni
917 591 1055 658 militurn
1075 591 1175 680 legio-

110 695 184 738 nem
208 681 345 756 tertiam,
366 701 439 771 quae
463 679 665 766 pabulatores
687 693 720 746 et
743 678 914 767 lignatores
937 689 1092 758 tueretur,
1113 678 1173 757 ria,

109 782 184 846 quae
211 763 392 850 Aquileiam
415 765 486 844 fert,
509 765 677 832 duxerant
722 763 775 832 Ab
798 764 910 830 eudem
935 764 1066 854 regione
1089 763 1176 830 mille

108 845 210 912 ferme
229 871 377 933 passuum
393 863 497 916 castra
511 867 601 918 erant
617 850 802 918 Gallorum:
825 850 1029 918 ⁴..Catmelus1¹
1049 871 1111 937 pro
1124 871 1174 916 re·
1264 847 1270 860 ’

108 934 188 1020 gulo
202 948 271 999 erat
285 937 386 1002 tribus
399 938 505 1004 haud‘
517 937 652 1023 amplius
668 936 806 1002 millibus
816 950 1022 1003 armatorum.

153 1021 203 1086 11.
226 1021 311 1099 lstri,
329 1036 363 1088 ut
377 1023 515 1109 primum
530 1025 572 1090 ad
586 1023 690 1090 lacum
706 1023 833 1096 Timavi
849 1036 951 1089 castra
963 1036 1038 1089 sunt
1054 1023 1334 1088 Roma-uteremu-

108 1126 151 1171 na
180 1119 281 1184 mota,
305 1109 364 1192 ipsi
394 1123 468 1196 post
495 1111 607 1176 collem
632 1109 859 1176 occult0·loco
886 1109 1116 1185 consederunt3
1142 1103 1233 1176 et.tum
1245 1105 1326 1176 “2⁸⁰²
1419 1144 1428 1154 ·

53 1259 56 1268 ,
107 1190 182 1256 inde
204 1193 342 1280 obliquis
364 1196 528 1262 itineribus
548 1219 664 1298 agmen
685 1195 908 1283 sequebantur,
922 1195 956 1260 in
978 1217 1104 1261 omnem
1119 1171 1303 1278 ott-iim:

108 1279 271 1344 cesionem
300 1282 430 1348 intentis
455 1283 708 1369 necquidquam
733 1305 797 1361 eos,
821 1305 894 1369 quae
918 1295 1004 1348 terra
1031 1282 1173 1367 marique

105 1381 291 1452 agerentur,
305 1367 442 1435 fallebat.
487 1371 656 1456 Postquam
677 1369 827 1435 stationes
848 1367 1001 1434 invalidas
1020 1390 1088 1433 esse
1111 1388 1173 1454 pro

106 1453 228 1530 castris
243 1452 376 1521 ⁵eorum
397 1455 493 1521 turba
512 1455 641 1522 inermis
663 1457 810 1542 frequens
828 1457 911 1520 inter
924 1469 1027 1521 castra
1039 1467 1072 1520 et
1085 1475 1173 1520 mere

108 1540 330 1618 mercantium,
354 1541 420 1606 aine
445 1542 512 1608 ullo
536 1543 675 1608 terrestri
700 1555 755 1606 aut
780 1541 939 1606 maritimo
963 1542 1171 1619 munimento,
1283 1545 1287 1556 '

106 1624 257 1691 viderunt
264 1649 274 1702 3
297 1627 363 1692 duo
383 1628 478 1693 simul
500 1628 657 1714 praesidia,
675 1628 869 1694 Placentinae
889 1628 1040 1706 cohortis,
1056 1639 1088 1692 et
1104 1649 1170 1692 ma·
1237 1697 1240 1704 ,

14 1732 15 1735 ’
105 1711 291 1797 nipulorum
309 1714 456 1779 secundae
478 1714 621 1801 legionis,
636 1713 676 1780 ad
716 1715 876 1780 ediuntur.
921 1713 1049 1780 Nebula
1068 1725 1172 1779 mutu·

106 1799 175 1864 tina
188 1811 315 1864 texerat
336 1801 515 1886 inceptum:
538 1823 602 1888 qua
624 1801 689 1866 dila
729 1812 785 1866 nte
805 1801 847 1866 od
867 1800 1006 1885 primum
1028 1813 1171 1886 teporem

105 1883 190 1962 solis,
213 1884 403 1970 ⁶perlucens
419 1889 486 1972 jam
509 1886 639 1975 aliquid,
654 1887 774 1952 incerta
795 1903 912 1966 tamen,
931 1901 969 1952 ut
987 1886 1077 1964 solet,
1099 1886 1170 1966 lux,

104 1972 244 2056 speeiem
259 1974 401 2036 omnium
420 1973 626 2058 multiplicem
648 1975 784 2039 intuenti
805 1972 947 2051 reddens,
961 1986 1031 2039 tum
1045 1995 1172 2060 quoque

104 2055 258 2124 frustrata
273 2058 447 2137 Romanos,
463 2060 564 2124 multo
586 2061 735 2148 majorem
758 2061 806 2138 iis,
821 2081 915 2147 quam
935 2069 1016 2136 'erat
1031 2057 1171 2126 hostium

105 2144 205 2208 aciem
234 2145 472 2232 ostenditque
498 2146 600 2212 territi
629 2147 791 2234 utriusque
816 2147 958 2210 stationis
982 2145 1096 2210 milites
1121 2145 1171 2209 in-

105 2230 192 2316 genti
208 2231 348 2296 tumultu
363 2253 461 2318 quum
484 2233 517 2296 in
532 2247 635 2298 cestra
649 2233 872 2316 confugissent,
889 2232 974 2298 hund
996 2232 1104 2317 paullo
1124 2232 1171 2318 ibi

104 2316 186 2400 plus,
204 2321 301 2401 quam
325 2318 414 2468 quod
437 2341 545 2384 secum
568 2319 628 2404 ipsi
655 2318 846 2396 adtulerunt,
866 2319 996 2383 terroris
1016 2317 1170 2382 lecerunt.

105 2401 190 2468 Nam
206 2409 312 2490 neque
348 2404 438 2482 icere,
454 2405 531 2492 quid
552 2404 714 2492 fugissent,
729 2427 788 2468 uec
805 2403 1083 2488 percunctantibus
1098 2403 1170 2466 red-

105 2487 177 2554 dere
191 2495 383 2574 responsum
404 2504 570 2576 poterant:
590 2504 622 2556 ot
636 2491 756 2563 clamor
769 2490 803 2554 in
825 2489 928 2573 portis
943 2494 993 2574 (ut
1008 2489 1064 2554 ubi
1082 2488 1172 2553 nulla

105 2585 186 2640 esset
210 2576 316 2654 statio,
341 2599 413 2663 quas
438 2578 603 2642 sustineret
628 2577 786 2664 inpetum)
812 2575 1017 2641 audiebatur:
1040 2587 1072 2640 et
1093 2597 1171 2640 con-
1245 2587 1247 2592 '
1331 2579 1333 2586 ’

103 2662 245 2727 cursetio
266 2662 300 2726 in
315 2663 452 2728 obscuro
471 2664 681 2729 incidentium
701 2663 836 2728 aliorum
860 2663 898 2732 in
915 2662 994 2727 elios
1015 2664 1170 2727 incertum

104 2746 232 2825 fecerat,
245 2771 288 2813 an
315 2750 413 2815 bostis
434 2751 518 2816 intra
540 2749 656 2814 vallum
678 2764 769 2816 esset.
815 2749 892 2815 Una
905 2771 967 2814 vox
984 2748 1171 2814 audiebatur

103 2833 141 2898 sd
160 2855 253 2899 mare
267 2836 460 2901 vocantium.
505 2836 544 2902 ld
566 2836 647 2902 forte
667 2850 786 2904 temere
806 2836 848 2900 ab
869 2857 935 2901 uno
956 2835 1168 2901 exclamatum
1178 2852 1325 2914 ruginosus

104 2920 178 2986 totis
202 2922 323 3006 passim
344 2922 534 3008 personabat
555 2923 672 2988 castris.
716 2924 828 3008 ltaque
848 2923 964 3008 primo,
982 2921 1069 2988 velut
1089 2921 1169 3009 jussi
1177 2919 1301 2994 marsuas

103 3003 135 3070 id
148 3005 263 3086 fauere,
280 3009 374 3094 pauci
394 3011 521 3087 armati,
539 3010 638 3094 major
652 3031 726 3093 pars
742 3011 885 3086 inermes,
901 3008 942 3074 ad
957 3031 1044 3074 mare
1058 2997 1250 3074 decus-”m

102 3105 194 3158 runt:
219 3095 293 3159 dein
315 3094 431 3180 plures,
450 3109 610 3180 postremo
631 3115 732 3179 prope
753 3115 874 3175 omnes,
897 3109 929 3160 et
949 3096 1017 3180 ipse
1037 3095 1169 3172 eonsul;
1210 3107 1214 3112 '

96 3197 212 3266 quum,
227 3180 345 3246 frustra
366 3193 517 3246 revocare
533 3181 690 3269 fugientes
713 3193 852 3257 conatus,
870 3203 928 3245 nec
949 3183 1096 3266 irnperio,
1110 3203 1170 3247 nec

101 3267 301 3347 auctoritate,
326 3289 384 3332 nec
413 3267 561 3353 precibus
590 3267 632 3332 ad
660 3280 847 3345 extremum,
872 3267 1026 3332 valuisset.
1073 3267 1169 3344 Unus
1260 3324 1270 3332 .

100 3355 253 3418 remansit
280 3353 330 3418 M.
348 3353 490 3419 Licinius
518 3355 644 3434 Strabo,
670 3353 817 3418 tribunus
842 3353 978 3420 militum
1000 3355 1103 3419 tertiae
1126 3355 1169 3420 le-

94 3439 216 3540 gionis,
232 3439 327 3506 ⁷cum
341 3439 443 3504 tribus
458 3441 555 3529 signis
570 3441 611 3504 ab
625 3439 750 3529 legione
765 3463 821 3504 sua
835 3439 972 3508 relictus.
1007 3441 1117 3518 Hunc,
1134 3442 1167 3504 iu

367 3559 380 3598 b
392 3563 515 3610 Cametas
525 3563 601 3610 Gron.
613 3561 683 3610 Crer.
747 3564 759 3592 ²
771 3568 814 3608 uut
824 3563 900 3610 Grau.

128 3685 147 3724 4
165 3677 291 3726 Cararelur
310 3691 356 3739 pro
375 3679 458 3738 regulo
475 3677 540 3740 erat]
560 3678 620 3724 ileo
653 3678 803 3727 Gronovius:
813 3679 899 3739 surum
921 3678 991 3724 turbu
1014 3680 1100 3724 inerma·
1113 3678 1168 3736 fre·

99 3743 169 3788 nobis
180 3748 292 3803 suspectu
301 3749 365 3790 suut.
399 3744 479 3790 Possis
488 3749 568 3790 tamen
580 3747 620 3788 ut·
653 3759 723 3805 quem
733 3746 796 3790 inter
806 3751 885 3792 emtra
892 3751 917 3790 et
926 3759 992 3790 mure
1002 3745 1169 3790 morantium.

97 3821 193 3868 cunque
216 3808 344 3868 explicare:
375 3810 496 3856 Carmelus
522 3809 620 3869 quidam
652 3809 742 3856 Forum
760 3809 864 3864 intellige
879 3810 1009 3869 emporium
1026 3808 1169 3868 illud,quod

97 3871 248 3932 lacessenti,
260 3875 302 3933 qul
319 3875 369 3935 ipre
384 3887 433 3921 nou
451 3875 541 3932 aderst,
553 3875 578 3920 iu
590 3875 620 3920 iis
653 3874 717 3921 breui
737 3875 888 3933 perfrequens
910 3875 998 3922 fretum
1017 3875 1090 3922 luisse
1109 3873 1170 3920 dixit

96 3938 181 3984 caetris
200 3945 253 3985 erat
269 3953 323 3992 cnm
340 3939 417 3986 tribus
437 3939 500 3986 haud
517 3939 617 4000 amplius
650 3952 722 4000 supra
731 3940 821 3987 Livius.
1091 3989 1093 3996 ,
1179 3987 1182 3992 ,

96 4003 202 4050 millibus
227 4011 379 4050 armatorum.
413 4005 491 4051 Haud
514 4005 618 4066 amplius
683 4004 1177 4069 6Perluceusjamalr'qut'd,terrestria-1

95 4068 140 4130 legi
148 4069 276 4128 jusserunt
288 4069 435 4116 Florebellur
445 4076 470 4116 et
479 4071 617 4116 Gronovius
650 4085 713 4127 mea,
724 4077 753 4116 ut
768 4070 835 4127 soler,
847 4067 901 4131 lar]
922 4070 973 4124 Lux
987 4071 1037 4129 jum
1052 4071 1131 4132 aliqua
1140 4083 1169 4116 err

94 4147 138 4195 pro
147 4137 316 4196 estamplius.
529 4183 532 4193 ¹
650 4140 717 4196 purte
744 4147 897 4196 perrumpens
925 4135 1054 4194 obstantia,
1079 4137 1170 4183 incerte

127 4199 255 4248 eliorum
278 4199 352 4246 rarle
373 4199 471 4246 inermis
488 4193 618 4262 frequens]
650 4207 740 4256 umen,
762 4207 790 4245 ut
812 4201 874 4246 solet
895 4213 955 4257 essa,
980 4216 1052 4261 quum
1073 4199 1187 4250 nebulis

94 4261 191 4330 Egregie
212 4267 266 4315 Jor-
290 4263 395 4324 Sceliger
409 4265 495 4326 samm
517 4279 561 4325 pro
581 4279 617 4310 eo-
650 4265 809 4312 dilabentibus
820 4265 876 4312 oriri
888 4265 980 4325 incipit.
1058 4323 1060 4327 Ι

91 4343 152 4379 rute.
195 4331 285 4380 Totam
315 4330 438 4389 periodum
470 4329 505 4376 sie
528 4331 617 4380 ,format
670 4336 697 4387 ,7
717 4331 777 4375 Oura
796 4331 872 4378 tribur
892 4327 983 4394 sigub]
1007 4335 1067 4380 Cum
1092 4331 1186 4378 tribus.

690 4401 747 4458 nli
