3116 4986
469 178 664 242 munos„
691 177 900 242 Durum).
1161 186 1219 242 265

165 349 205 416 er,
214 340 364 422 pmaclsis
384 343 516 408 aduentu
536 341 599 428 ejus
617 343 664 421 iis,
679 346 781 430 quiin
793 365 858 410 eum
878 343 981 429 iniqui
993 351 1095 424 mont,
1107 340 1218 428 ⁴qmrm

165 447 263 496 anuos
272 429 471 494 novemdecim
483 428 617 507 baberet,
629 432 732 496 consul
745 440 863 496 ereaucs
876 440 930 498 eu.

622 779 756 862 CXX.

209 1022 313 1087 Gaesur
335 1025 438 1089 consscl
464 1026 556 1109 legem
581 1027 654 1090 tulit
678 1027 716 1090 de
742 1025 907 1110 questione
930 1025 1070 1090 labendo
1098 1022 1217 1104 ineos,

163 1129 288 1191 quorum
310 1129 404 1190 opera
426 1120 519 1192 pater
542 1113 653 1176 occissus
671 1122 762 1176 esset:
786 1113 996 1196 postulatique
1016 1132 1053 1174 ea
1078 1113 1145 1196 lege
1165 1113 1216 1176 M.

166 1195 288 1271 Brutus,
307 1196 341 1259 C.
354 1196 487 1274 Cassius,
502 1197 548 1260 D.
566 1197 689 1274 Brutus,
704 1197 840 1262 absentes
853 1198 1080 1263 damnatissmt.
1119 1195 1217 1274 Quocum

162 1280 215 1346 M.
224 1279 365 1344 Antonio
379 1283 459 1346 vires
466 1281 594 1348 Asinius
608 1303 723 1368 quoquc
732 1284 838 1347 Pollio
852 1291 882 1346 et
897 1283 1060 1347 Munatius
1069 1284 1217 1361 sznmcs,

159 1387 226 1430 cerm
247 1367 426 1432 ecercitibus
448 1369 512 1432 stris
536 1367 681 1452 adjuncti,
697 1371 904 1451 ampliassent‚
919 1377 949 1433 et
964 1369 1011 1434 D.
1026 1369 1152 1446 Brutus,
1167 1371 1220 1434 cui

158 1460 294 1528 matres,
315 1462 350 1516 ut
365 1463 597 1539 persequeretur
617 1455 795 1532 Antonium,
818 1457 1029 1532 mandamrot,
1054 1457 1176 1519 relictus
1196 1477 1218 1520 o

159 1539 330 1622 legionibus
339 1540 411 1616 suis,
422 1540 627 1625 prcfisgisset3
638 1539 728 1625 jussu
739 1540 881 1619 Antonii,
897 1542 931 1606 in
945 1539 1027 1626 csq'us
1035 1549 1217 1624 potestatem
1346 1591 1360 1624 1,

160 1634 298 1702 venerat,
313 1647 334 1687 a
350 1626 473 1707 Capeno
491 1625 630 1710 Sequano
644 1628 818 1711 interfectus
832 1637 885 1694 est.
932 1627 966 1692 0.
985 1627 1089 1692 Casor
1107 1647 1216 1710 pacem

160 1731 226 1774 crem
241 1709 380 1774 Antonio
393 1720 425 1775 et
438 1711 560 1795 Lepido
571 1712 674 1796 fecit.-
695 1713 744 1776 ito
757 1722 791 1776 ut
804 1713 929 1777 tresviri
949 1713 1125 1796 reipublice
1145 1735 1216 1777 con·

157 1797 321 1860 stimenllae
336 1818 398 1880 per
417 1799 654 1882 quinquennium
668 1807 764 1862 essent
777 1800 851 1881 ipsc,
866 1807 896 1862 et
909 1799 1059 1881 Lepidus,
1071 1808 1101 1862 et
1115 1800 1216 1865 Anto·

160 1882 249 1956 nius,·
273 1892 303 1948 et
317 1891 350 1946 ut
363 1903 431 1948 sucos
445 1885 577 1967 quisque
596 1885 736 1948 inimicos
751 1883 986 1967 proscriberent.
1009 1885 1043 1948 in
1058 1905 1119 1968 qua
1137 1906 1215 1970 pro-

157 1970 327 2050 scriptione
335 1970 464 2051 plurimi
477 1971 591 2054 equites
604 1971 749 2047 Romoni,
765 1979 880 2034 centum
894 1971 1026 2054 triginta
1045 1980 1215 2036 senatorum

161 2055 288 2117 momina
297 2055 443 2138 filerunt,
459 2064 490 2120 et
511 2059 656 2121 intereos
671 2056 710 2118 L.
728 2058 837 2121 Paulli
844 2055 1028 2140 fratrisM.
1046 2055 1174 2139 Lepidi,
1188 2068 1218 2122 et

157 2141 209 2204 L,
220 2140 352 2205 (lusoris
365 2140 501 2206 Antonii
518 2143 671 2219 avunculi,
686 2151 717 2206 et
730 2141 782 2206 Μ.
800 2142 962 2207 Ciceronis.
983 2140 1080 2223 lepus,
1093 2144 1185 2207 occisi
1197 2165 1219 2206 α
1322 2220 1326 2228 Ι

160 2227 302 2308 Popillio
314 2227 486 2312 legionario
499 2228 607 2305 milite,
623 2247 711 2310 quum
722 2227 847 2291 baberet
856 2248 954 2290 annos
964 2227 1130 2312 'senoginta
1144 2237 1217 2304 tres,

155 2321 252 2395 caput
265 2333 381 2401 quoque
394 2333 459 2376 cum
475 2313 584 2376 electra
598 2333 690 2376 manu
705 2313 740 2375 in
760 2313 868 2376 rostris
886 2313 1021 2394 positum
1035 2321 1088 2376 est.
1125 2313 1215 2378 Prae·

159 2407 247 2468 terea
262 2418 312 2463 res
324 2418 346 2460 a
361 2397 412 2462 M.
427 2397 529 2462 Bnclo
542 2397 574 2461 in
591 2397 719 2464 Grecia
729 2406 832 2482 gestas
846 2397 993 2462 eontinet.

603 2727 761 2812 cxxl.
840 2662 844 2672 ’

204 2943 237 3006 C.
255 2907 388 3019 Cassius,
409 2942 460 3005 esci
483 2942 658 3004 mandatum
683 2961 704 3003 a
732 2950 840 3005 senatu
865 2948 943 3016 erat,
965 2915 1218 3005 ut'Dolobellcm

156 3031 270 3093 bostem
281 3025 457 3112 judicatum
478 3027 556 3090 bello
574 3034 816 3110 persequeretur,
838 3026 1021 3089 auctoritate
1041 3027 1219 3108 respublica

154 3114 291 3200 abuius,
302 3115 423 3199 Syriam
438 3133 502 3176 mem
515 3112 614 3175 tribus
622 3112 812 3186 exercitibus,
824 3113 878 3195 qui
892 3112 1043 3174 incudem
1052 3114 1218 3192 provincia
1331 3125 1337 3143 ·

155 3209 260 3277 eant,
275 3203 310 3264 in
317 3206 498 3283 potestatem
512 3217 596 3261 suam
611 3199 738 3280 redegit.
782 3196 988 3271 Dolabellam,
1002 3197 1035 3258 in
1050 3196 1123 3259 urbe
1136 3195 1218 3259 lao-

155 3288 246 3351 dicea
259 3286 415 3364 obsessum,
424 3283 503 3348 mori
514 3284 624 3368 coe‘git.
669 3281 720 3348 M.
733 3303 849 3367 quoque
861 3283 959 3346 Bruti
960 3280 1052 3366 jussu
1068 3283 1103 3347 0.
1119 3282 1217 3346 Anto·

156 3373 228 3436 nius
241 3381 358 3456 ceptris,
373 3371 484 3435 occisus
497 3379 552 3434 est.

597 3685 779 3774 CXXII.
898 3752 901 3759 -

127 3871 130 3884 ¹
204 3907 382 3986 MsBrutus
403 3904 544 3968 adversus
562 3901 698 3966 unrocus
722 3919 829 3981 pomum
852 3918 992 3980 prospere
1013 3917 1076 3961 rem
1099 3896 1195 3982 gessit
1201 3930 1213 3969 ,-

121 4043 126 4052 .
152 3995 348 4077 omnibusque
361 3987 570 4055 transmarinis
578 3987 745 4070 provinciis
758 3983 1029 4068 ecercitibusquein
1036 3989 1217 4066 potestatem

153 4078 220 4164 ejus
240 4089 270 4142 et
287 4079 321 4142 G
338 4077 442 4144 Cassii
462 4073 601 4150 redactis,
621 4075 753 4136 ommuni
771 4072 903 4154 Smyrna
923 4079 1047 4152 cumque
1068 4069 1111 4132 ad
1132 4069 1216 4133 ordi·

226 4338 243 4385 4
260 4339 338 4394 Quum
347 4352 420 4386 annm
430 4333 585 4386 novemdecim
594 4329 696 4395 boken]
729 4329 787 4378 vis.
798 4327 872 4382 inies,
883 4339 938 4385 up·
948 4327 993 4372 ult.
1005 4323 1079 4388 umus
1089 4325 1152 4374 libri·
