3120 4984
323 170 379 230 ret
632 217 634 232 ,
720 161 832 224 TITI
860 161 999 224 LIVII

158 345 294 396 tanes&
364 327 499 396 XVIII.
527 325 700 412 Extemplo
729 326 877 413 adparuit
904 325 1065 406 omnibus,
1091 349 1157 392 non
1186 327 1325 480 sppniter
1345 327 1389 394 'id

157 415 295 464 A·⁰·¹⁶9·
320 415 438 482 bellum
455 415 496 480 L.
513 413 681 479 AEmilium
701 427 863 502 gesturum
874 437 885 494 ;
907 427 1121 502 praeterquam
1144 437 1208 566 spuo

1245 415 1325 480 ahur
1339 414 1391 478 vir

156 481 312 600 dngssiffie‘
321 517 401 584 erat,
416 502 511 566 etiarn
527 500 613 588 quod
627 500 694 566 dies
715 513 887 588 noctesque
908 501 1047 567 intentus
1068 525 1105 567 ea
1119 525 1154 567 so
1166 526 1194 578 a,
1212 503 1283 587 qu'ae
1298 500 1390 566 adid

156 621 263 679 puseus
320 588 439 654 bellurn
456 589 783 673 pertinerentanImo
805 587 956 674 agitabat.
997 589 1071 654 Jam
1090 588 1232 654 omnium
1248 589 1389 674 primum

321 700 340 740 a
356 688 467 744 senatu
483 675 570 758 petit,
585 687 619 740 ut
633 674 754 762 legatos
770 675 802 738 iu
819 673 1046 740 Macedoniam
1060 675 1224 741 mitterent
1237 675 1278 740 sd
1293 695 1389 740 exer·
1441 725 1447 740 .

321 762 402 827 citus
424 761 568 826 visendos
590 763 795 847 classemque,
809 773 841 824 et
862 783 934 825 com
960 775 1027 826 erta
1048 760 1224 840 referenda,
1240 762 1315 847 quid
1331 773 1390 824 aut

320 848 522 930 terrestribus
546 860 600 912 aut
622 847 786 914 navalibus
808 848 908 933 copiis
949 870 1030 934 opus
1055 842 1151 915 esset}
1174 861 1330 933 proeterea
1354 857 1391 910 ut

321 935 525 1020 explorarent
548 933 655 1018 copias
679 934 791 1021 regias,
818 946 972 1020 quantum
999 947 1138 1020 possent,
1164 957 1289 1022 qusque
1312 955 1391 1019 pro·

322 1021 426 1086 vincis
440 1034 561 1102 nostra,
576 1043 640 1107 qua
654 1020 792 1087 hostiurn
816 1019 914 1086 foret:
938 1035 1047 1086 utrum
1069 1022 1154 1087 intra
1174 1021 1271 1086 saltus
1286 1032 1391 1107 eastra

324 1108 464 1173 Romani
478 1106 641 1184 haberent,
656 1130 697 1172 sn
707 1098 775 1193 js'rm
790 1127 900 1172 omnes
917 1108 1071 1195 angustie
1085 1122 1294 1194 exsuperate,
1309 1121 1343 1172 et
1355 1106 1391 1171 in

322 1217 415 1282 aequa
437 1197 507 1258 loca
526 1195 756 1278 pervenissent:
783 1194 839 1280 qui
861 1193 970 1260 fideles
990 1195 1081 1260 noble
1106 1196 1193 1274 socii,
1217 1195 1274 1346 pui
1297 1193 1390 1260 dubii

322 1302 545 1366 suspensaeque
566 1301 608 1344 ex
630 1279 758 1344 fortuna
778 1279 864 1358 fidei,
881 1281 935 1365 qui
957 1282 1036 1346 eerti
1056 1281 1165 1348 hostes
1187 1282 1218 1346 vi
1241 1295 1388 1346 erentur:

323 1368 434 1454 quanti
447 1367 618 1452 praeparati
632 1380 837 1444 commeatus,
853 1381 885 1433 et
904 1367 989 1435 unde
1010 1370 1150 1434 terrestri
1162 1369 1286 1446 itinere,
1302 1367 1390 1433 unde

322 1455 456 1518 navibus
469 1454 749 1537 subportarentur:
772 1453 872 1540 ⁵quid
896 1477 933 1519 ea
954 1468 1063 1520 aestate
1081 1468 1168 1520 terra
1181 1458 1323 1542 marique
1338 1476 1390 1519 re·

303 1558 394 1606 ‘rum
409 1553 568 1626 gestarum
583 1552 678 1606 esset:
702 1562 743 1604 ex
765 1538 815 1604 his
836 1539 919 1606 bene
939 1543 1075 1633 cognitis
1096 1545 1230 1608 certain
1243 1541 1389 1607 futurum

322 1627 455 1711 consilia
469 1626 540 1711 oapi
554 1648 647 1712 posse
666 1645 765 1692 ratus.
810 1628 946 1698 Senatus
962 1629 1024 1694 Cn.
1041 1629 1175 1694 Servilio
1194 1627 1318 1695 consuli
1333 1651 1392 1694 ne·

321 1714 445 1800 gotium
461 1713 560 1791 dedit,
575 1728 611 1778 ut
625 1715 650 1777 is
665 1713 697 1777 in
714 1712 951 1792 Macedoniam,
968 1737 1047 1799 quos
1064 1715 1100 1780 L.
1117 1715 1252 1780 AEmilio
1266 1715 1390 1779 videre-

322 1811 386 1882 tur,
415 1799 543 1884 legaret.
587 1801 636 1866 Le
659 1799 703 1864 sti
731 1799 831 1864 biduo
859 1813 934 1885 post
961 1800 1105 1884 profecti,
1133 1802 1195 1867 Cn.
1224 1801 1392 1879 Domitius

323 1885 573 1963 Ahenobarbus,
589 1891 627 1952 A.
675 1886 788 1952 icinius
804 1887 919 1966 Nerva,
936 1887 977 1952 L.
994 1888 1134 1955 Baebins.
1178 1889 1233 1953 Bis
1247 1888 1281 1952 in
1296 1887 1390 1954 exitu

322 1973 400 2037 anni
432 1974 479 2037 'us
499 1971 677 2058 lapidatum
700 1995 768 2038 esse
789 1974 975 2041 nunciatum
998 1988 1061 2051 est3
1084 1976 1116 2040 in
1134 1975 1284 2040 Romano
1298 1997 1390 2062 agro,

321 1996 440 2124 ⁶simrii
447 2059 480 2124 in
493 2059 691 2126 Veientibus.
711 2059 909 2126 novemdiale
923 2081 1046 2126 sacrum
1058 2061 1176 2126 fectum
1188 2073 1243 2126 est
1276 2060 1390 2126 Sacer·

321 2147 411 2212 dotes
422 2169 461 2212 eo
472 2168 557 2210 anno
568 2147 685 2214 mortui
695 2159 778 2224 sunt,
790 2145 829 2211 P.
840 2145 1035 2222 Quinctilius
1045 2148 1161 2226 Varus,
1170 2148 1285 2214 flamen
1297 2147 1391 2212 Mar·

321 2231 421 2310 tialis3
444 2245 476 2298 et
491 2232 541 2298 M.
558 2232 709 2298 Claudius
725 2231 899 2300 Marcellus
920 2235 1096 2322 decemvir:
1120 2236 1154 2299 in
1176 2236 1264 2320 cujus
1279 2233 1387 2299 locum

322 2319 381 2384 Cn.
413 2322 563 2385 Octavius
592 2319 761 2386 sublectus.
804 2321 849 2384 Et
872 2321 940 2406 jam
971 2322 1207 2407 magnificentia
1230 2327 1392 2386 'crescente

158 2440 286 2490 mmm
320 2417 468 2472 notatum
490 2421 547 2484 est,
563 2407 645 2472 ludis
667 2405 859 2471 circensibus
874 2406 912 2471 P.
929 2407 1071 2475 Cornelii
1088 2408 1245 2494 Scipionis
1260 2409 1390 2472 Nasicae

157 2503 304 2553 mannum
322 2507 354 2559 et
371 2493 408 2559 P.
432 2493 563 2560 Lentuli
583 2492 723 2559 aedilmm
747 2493 904 2558 currilium
928 2496 1093 2582 sexaginta
1114 2511 1177 2560 tres
1190 2493 1389 2573 tnfricanas,

155 2568 313 2681 arguissen-
320 2592 352 2646 et
366 2579 579 2666 quadraginta
590 2602 680 2644 ursos
693 2592 725 2645 et
740 2579 923 2664 elephantos
937 2581 1078 2648 ⁸lusisse.

159 2664 296 2747 usam
365 2667 467 2734 XIX.
491 2667 531 2731 L.
554 2665 835 2742 AEmilio·Paullo,
860 2667 899 2730 C.
923 2668 1047 2734 Licinio
1066 2667 1259 2746 consulibus,
1276 2661 1389 2734 Idibus

158 2762 228 2811 AC·
241 2761 297 2810 168.
323 2753 452 2820 Martiis
475 2753 632 2837 principio
653 2753 846 2837 insequentis
868 2753 953 2831 anni,
976 2777 1074 2841 quum
1098 2757 1131 2818 in
1152 2755 1395 2838 exspectatione

158 2827 306 2940 {fffffl'
324 2839 436 2941 Patres
464 2839 604 2914 luissent,
630 2839 769 2903 maxime
797 2838 951 2924 quidnam
980 2841 1091 2906 consul
1115 2841 1157 2906 de
1183 2841 1388 2920 Macedonia,

44 2947 48 2962 ·
159 2958 281 3006 „pom
322 2948 412 3012 cujus
433 2949 471 2991 es
489 2925 654 3010 provincia
673 2937 765 3002 esset,
781 2926 928 3002 referret3
950 2929 1034 2992 nitet
1053 2950 1086 2992 se
1105 2928 1227 3005 hahere,
1246 2927 1388 3006 Paullus,

343 3015 404 3076 uod
417 3013 555 3100 referret,
571 3033 660 3096 quam
675 3014 806 3076 nondrnn
827 3014 925 3098 legati
937 3016 1095 3090 redissent,
1110 3013 1203 3079 dixit.
1250 3016 1391 3080 Ceteram

322 3036 490 3164 iiruredisii
503 3101 620 3184 legatos
631 3098 703 3183 jam
724 3120 795 3179 esse,
811 3099 858 3164 bis
878 3121 916 3164 ere
928 3121 1016 3166 eursu
1030 3101 1257 3184 ⁹Dprrochium
1273 3101 1391 3186 ejectos.

325 3186 466 3272 Cognitis
475 3208 554 3262 moa,
568 3206 636 3271 quae
650 3187 733 3250 nosci
741 3187 833 3268 prius
847 3188 881 3252 in
895 3209 956 3251 rem
972 3196 1057 3265 esset,
1067 3188 1253 3252 relaturum.-
1274 3189 1310 3252 id
1310 3189 1393 3273 fore

323 3274 411 3336 intra
422 3294 592 3356 perpaucos
605 3274 679 3337 dies.
723 3271 779 3348 Et,
795 3295 834 3338 ne
847 3274 924 3357 quid
930 3273 1149 3358 prefictionem
1163 3295 1247 3338 suam
1262 3281 1391 3352 teneret,

324 3357 463 3446 i⁰pridie
476 3359 552 3424 Idus
567 3359 688 3442 Aprilis
702 3358 832 3424 Latinis
852 3381 914 3424 esse
935 3363 1130 3432 constitutam
1151 3361 1241 3426 etiem.
1284 3362 1392 3428 Sarri-

292 3613 294 3616 .
358 3575 536 3641 dopruerret]
553 3577 618 3626 Olim
629 3584 735 3641 operest.
758 3579 842 3628 Muta-
872 3583 1035 3645 intelligenda
1051 3583 1147 3630 videtur
1165 3581 1262 3629 venatio
1280 3581 1346 3628 facts
1364 3581 1391 3626 in

325 3643 362 3690 vlt
368 3637 426 3704 jure
437 3643 559 3703 sigonius.
874 3649 953 3708 Circo,
963 3649 1002 3694 vel
1013 3661 1096 3710 pugne
1106 3648 1238 3694 bestiarum
1249 3646 1314 3692 inter
1324 3658 1357 3692 se.

358 3706 613 3762 sentimum
632 3713 753 3770 gestarum
772 3709 841 3773 reret]
906 3712 1100 3774 enprraetiam
1121 3709 1212 3774 φασι]
1247 3710 1314 3772 Ejici
1335 3722 1391 3757 ver·

325 3772 449 3820 Emendat
459 3772 595 3820 Gronovius
603 3777 703 3834 gemm.
871 3779 932 3824 bum
944 3784 981 3823 est
991 3777 1174 3836 naufragorum.
1205 3774 1390 3837 Ejsrtmnlitto·

357 3837 373 3885 6
395 3835 475 3882 Simul
502 3837 529 3883 s're
556 3838 697 3901 Veientibrr]
731 3837 844 3886 Felieiter
873 3855 909 3900 rr,
920 3845 1031 3902 egentem.
1042 3840 1274 3890 vidrosiensi.
1285 3837 1390 3885 XXIII.

325 3901 440 3949 emendet
462 3901 516 3948 Jac.
543 3903 696 3950 Gronoviner
725 3903 798 3950 simul
818 3904 844 3949 in
872 3921 892 3954 e.
906 3904 947 3954 84.
971 3906 1142 3966 Magisplaeet
1153 3918 1211 3952 eum
1222 3904 1392 3950 Gronoviole-

330 3967 430 4014 Veienti.
454 3965 501 4013 Bis
516 3966 650 4014 novendiale
664 3980 764 4014 merum
795 3967 844 4014 To·
872 3972 1042 4033 gererejertor.
1140 4014 1143 4019 .

325 4032 372 4077 ties
394 4030 460 4076 enim
481 4031 624 4078 novendiale
642 4044 739 4080 eaerum
761 4032 845 4090 tiebat,
895 4027 939 4083 ’10
955 4035 1043 4082 Pridie
1051 4034 1111 4082 Idus
1121 4031 1227 4096 Aprilis]
1250 4033 1389 4093 Legeexc.

326 4095 421 4154 quoties
436 4095 558 4155 lapidibus
573 4096 663 4156 pluisse
684 4097 765 4146 visum
784 4104 845 4144 erat.
872 4101 912 4149 22.
926 4100 999 4156 infra,
1011 4107 1036 4147 et
1053 4113 1084 4146 ex
1097 4100 1235 4160 fragmento
1251 4097 1391 4144 tabularum

295 4177 298 4186 ’
325 4157 539 4210 Vid·l·XXVIl.
552 4160 626 4208 est.
690 4189 695 4196 ·
873 4166 1028 4224 diurnarum,
1040 4178 1093 4224 seu,
1105 4172 1132 4211 ut
1145 4167 1246 4210 censent
1255 4161 1306 4216 ulii,
1317 4161 1394 4206 libro-

359 4223 374 4270 '1
390 4221 531 4286 Africanos]
542 4225 685 4286 Pantheras,
697 4230 801 4286 utputet
812 4238 843 4273 ex
872 4243 928 4278 rum
940 4229 1081 4286 linteorum,¹
1089 4229 1155 4290 quo'd
1164 4227 1262 4289 Pighius
1270 4225 1392 4285 vulgavit,

323 4286 413 4342 Plinio,
424 4288 441 4333 1.
453 4286 527 4335 VIII.
538 4304 559 4336 c.
573 4289 611 4337 lt.
869 4294 949 4357 pridie
960 4291 1077 4343 Kalendae
1087 4293 1191 4357 Apriles,
1203 4292 1254 4339 sive
1263 4289 1369 4352 Aprilis.

358 4351 374 4399 Β
390 4350 497 4418 tmere]
519 4353 549 4400 ln
567 4353 630 4400 ludit
644 4349 765 4401 exhibitor
781 4367 841 4402 aare.
1293 4361 1296 4365 '
