3056 4976
332 154 369 247 'ss
579 234 581 242 J
721 179 995 247 r1r1a1v11

173 369 240 419 tac.
253 371 320 423 sto..
327 361 426 435 propo
446 351 598 417 diruisset.
643 352 824 417 Detractum
845 354 958 415 culmen
979 353 1098 434 tereph,
1114 339 1259 414 nudorum
1280 357 1390 414 leonem

171 437 241 486 M·
256 443 308 488 ¹⁷³·
327 445 438 520 potere
461 437 603 501 imbribus
619 438 894 522 potrcfocimdum.
916 455 1075 514 censorem,
1097 435 1226 500 moribus
1247 436 1391 520 regendis

331 531 473 600 creatam,
489 525 539 588 eui
551 523 656 588 ⁴sorto
670 533 749 588 tecto
764 527 884 608 erigere
896 527 995 588 torric
1010 525 1152 607 publicis,
1170 531 1199 586 ct
1213 525 1280 585 loco
1296 531 1391 585 'taeit-

319 611 382 685 'du‚
406 629 487 673 more
508 609 654 693 majoram
682 612 830 674 traditum
854 617 947 684 erret,·
970 631 1035 674 urm
1054 631 1113 692 per
1133 611 1279 673 sociorum
1299 607 1390 670 murs

331 697 498 759 diruentem
509 699 632 779 templo,
645 699 865 781 nudantemque
874 703 953 761 teoto
964 699 1074 760 aeliimn
1084 709 1251 769 sacrorum,
1261 693 1389 778 negari:

331 791 370 857 et,
386 784 474 866 prod,
490 783 519 846 si
531 784 566 844 im
574 785 711 864 privatis
724 785 867 847 sociorum
882 783 1153 867 aedffioiisflrc'eret,
1169 781 1328 864 indignum
1341 781 1393 842 ui·

332 869 400 930 cleri
409 878 519 950 posset,
534 868 589 932 ⁵io
599 868 698 933 Derim
711 869 917 933 inmortalium
931 871 1042 952 templo
1054 870 1258 932 demolientem
1261 866 1391 952 faeere.-

331 963 361 1017 et
381 953 590 1038 “obstringere
609 957 758 1038 religione
773 959 919 1040 popmum
941 955 1121 1029 Romanam,
1144 955 1245 1018 ruinis
1266 953 1393 1034 templo-

330 1059 396 1102 rum
410 1043 523 1122 templa
545 1042 760 1124 adpetentem.-
782 1047 935 1126 lomquont
950 1061 1011 1104 non
1032 1043 1123 1104 iidem
1138 1041 1248 1123 ubique
1262 1040 1325 1101 Dii
1338 1040 1393 1101 in·

330 1127 472 1190 mortales
492 1128 759 1209 amandapolim
781 1130 909 1191 alimum
929 1129 989 1191 olii
1009 1128 1128 1191 colendi
1149 1124 1388 1208 cummondiqroe.

331 1209 451 1288 Quum,
466 1212 647 1298 prinsquam
670 1211 849 1293 referretur,
863 1213 1038 1299 adpareret,
1055 1213 1131 1296 quid
1154 1211 1306 1276 sentirent
1325 1207 1391 1274 Pa·

330 1307 401 1375 tres,
416 1297 568 1362 relatione
590 1297 682 1373 iacta,
704 1299 736 1361 in
761 1320 856 1363 unam
882 1311 991 1364 omnes
1012 1297 1198 1363 sententiam
1219 1294 1336 1375 ierant,
1350 1307 1390 1358 ut

131 1429 136 1438 ·
170 1381 723 1547 uttrt::¹sr.t.tmr”uffe
737 1382 1391 1556 iretinlustrarentur

214 1596 218 1603 -
329 1555 427 1619 iacta:
453 1555 574 1643 tegulas
595 1555 718 1622 relictas
739 1557 772 1620 in
794 1493 1008 1644 areagtempli,
1035 1557 1108 1642 quia
1130 1554 1389 1641 reponendarum

329 1660 425 1706 nemo
446 1641 559 1707 artifex
578 1642 834 1724 inirerationem
856 1643 1004 1730 potuerit,
1018 1643 1229 1708 ⁷redemtores
1254 1639 1389 1705 nuncia-

329 1738 415 1794 runt.

372 1813 433 1879 IV.
457 1813 508 1878 Ex
533 1814 733 1900 praetoribus,
749 1815 804 1900 qui
826 1816 858 1879 in
878 1814 1059 1899 provincias
1081 1815 1192 1892 ierant,
1209 1813 1252 1878 N.
1268 1810 1391 1878 Fabius

331 1899 482 1968 Massiliae
497 1904 640 1980 moritur,
657 1922 755 1986 quum
770 1903 802 1965 in
818 1901 994 1966 citeriorem
1013 1901 1201 1987 Hispaniam
1216 1901 1287 1964 iret.
1321 1898 1390 1963 lta-

261 2029 266 2052 .
329 2007 401 2072 que,
417 2007 516 2071 quum
537 1987 570 2052 id
593 1987 777 2052 nunciatum
799 1985 1083 2053 aMassiliensibus
1101 1985 1211 2073 legatis
1232 1997 1321 2062 esset,
1337 2003 1389 2049 se·

324 2083 422 2136 natu'a
444 2071 643 2151 decrevitur
660 2073 696 2137 P.
714 2071 827 2139 Furius
849 2088 880 2139 et
896 2075 958 2139 Cn.
976 2073 1136 2146 Servilius,
1152 2072 1267 2159 quibus
1281 2091 1389 2135 succe·

327 2158 566 2236 deterrentes
579 2182 613 2224 se
626 2159 821 2239 sortirentur,
834 2173 904 2225 uter
917 2160 1092 2225 citeriorem
1106 2155 1297 2242 Hispaniam
1310 2171 1390 2244 pro·

328 2263 441 2332 rogato
469 2246 601 2331 imperio
625 2245 792 2311 obtineret.
836 2246 937 2313 ⁸sors
958 2256 1139 2331 opportuna
1160 2244 1236 2321 fuit;
1268 2243 1304 2308 P.
1322 2243 1390 2308 Fu-

327 2333 393 2395 rius
418 2331 512 2408 idem,
539 2333 627 2418 cujus
655 2355 692 2396 ea
714 2328 877 2416 provincia
899 2332 1011 2410 fuerat,
1033 2343 1218 2396 remaneret
1263 2329 1386 2394 Eodem

328 2439 423 2496 anno,
446 2429 545 2504 quum
564 2418 638 2506 ‘agri
662 2418 819 2505 Ligustini
844 2431 875 2486 et
891 2419 1018 2498 Gallici,
1038 2418 1124 2506 quod
1148 2416 1233 2482 bello
1257 2428 1387 2503 captum

327 2519 405 2581 erat,
430 2503 623 2589 aliquantum
647 2517 780 2582 vacaret,
807 2504 1109 2570 senatusconsultum
1139 2503 1267 2579 lactum,
1295 2515 1331 2568 ut
1361 2502 1388 2565 ia

326 2611 403 2676 ager
417 2591 535 2653 viritim
549 2589 751 2655 divideretur.
797 2592 1003 2656 Decemviros
1018 2593 1049 2655 in
1073 2611 1142 2654 eam
1159 2611 1225 2654 rem
1240 2612 1282 2654 ex
1296 2609 1388 2652 sena·

326 2675 519 2739 tusconsulto
534 2677 651 2740 creavit
667 2679 706 2740 A.
719 2675 838 2740 Atilius
853 2693 972 2763 praetor
986 2677 1137 2758 urbanus,
1153 2676 1202 2742 M.
1216 2675 1387 2740 AEmilium

326 2761 497 2845 Lepidum,
514 2761 553 2825 C.
566 2761 720 2840 Cassium,
737 2763 779 2827 T.
792 2755 960 2828 AEbutiur'n
973 2765 1103 2840 Carum,
1117 2763 1157 2827 C.
1165 2761 1387 2839 Tremellium,

327 2846 561 2912 P.'Corneliurn
576 2847 765 2934 Cethegum,
780 2851 822 2918 Q.
837 2863 869 2915 et
884 2849 922 2914 L.
940 2849 1124 2936 Appuleios,
1141 2848 1191 2914 M.
1208 2848 1386 2924 Caecilium,

198 2966 202 2974 ι
242 2999 243 3003 ,
327 2933 363 2997 C.
382 2931 559 3011 salonium,
582 2934 621 2998 C.
639 2933 832 2999 Munatium.
874 2935 1192 3001 ⁹Dlviserunt.dena
1211 2937 1327 3022 jugera
1351 2933 1386 2998 in

324 3018 474 3106 singulos,
501 3018 594 3083 sociis
619 3020 756 3086 nominis
779 3021 886 3086 Latini
911 3035 1012 3087 terna.
1058 3022 1224 3087 Paridem
1244 3038 1386 3105 tempus,

323 3119 388 3256 guo
403 3105 472 3168 heo
493 3105 679 3191 agebantur,
694 3106 790 3194 legati
810 3129 851 3190 err
868 3107 991 3174 AEtolia
1011 3109 1147 3172 Romam
1169 3119 1323 3172 venerunt
1340 3105 1387 3170 de

345 3191 488 3257 isooruiis
510 3191 778 3280 seditionibusque
799 3195 873 3272 auis,
889 3209 920 3260 et
935 3193 1079 3259 Thessali
1098 3194 1205 3282 legati,
1228 3192 1386 3259 nunclan-

324 3293 380 3360 tes,
396 3277 513 3364 quaein
528 3280 718 3345 Macedonia
788 3294 925 3347 erentur.
1329 3303 1333 3320 ¹

163 3385 317 3498 narranaam.
367 3363 408 3431 V.
436 3364 578 3446 Perseus,
598 3368 664 3453 jorn
685 3367 736 3432 bel
751 3383 803 3432 utu
819 3368 890 3432 vivo
915 3381 1005 3454 patre
1025 3367 1198 3456 cogitatum
1221 3367 1253 3432 in
1276 3363 1386 3432 anima

163 3465 215 3498 mos
248 3466 318 3498 reco-

163 3516 271 3563 rumaibi

163 3582 281 3629 conciliat,
358 3576 373 3617 4
386 3569 461 3618 Sarte
477 3573 552 3641 tecla]
569 3572 623 3619 vid.
638 3578 689 3624 not.
700 3575 729 3621 ad
740 3573 837 3622 XXIX.
870 3576 971 3622 Videtur
985 3576 1110 3632 legendum
1122 3609 1129 3624 .
1139 3607 1146 3621 .
1158 3607 1165 3622 .
1175 3576 1240 3636 ficit,
1252 3582 1281 3620 stt
1291 3573 1322 3620 Ρ.
1333 3573 1384 3621 ra·

324 3641 364 3686 ³7·
869 3642 937 3689 rior.-
962 3643 1025 3701 qaod
1042 3643 1151 3688 Pithoeua
1168 3641 1230 3702 apud
1250 3640 1384 3686 Hearaiant

356 3699 783 3764 aloldcrlmimmortalr'umtemplo
799 3703 837 3750 cle-
870 3713 958 3752 mouet.
992 3707 1049 3752 Sors
1063 3696 1195 3768 oppo'rtona
1203 3705 1385 3765 ‚suffidumlta

323 3767 457 3812 molientem
473 3763 568 3830 sarcre]
600 3769 653 3815 Vox
676 3769 836 3818 demolierunt
869 3785 916 3818 rem
933 3773 1058 3830 transegit,
1070 3780 1099 3820 ut
1109 3772 1139 3818 Ρ.
1149 3773 1241 3819 Furiae
1257 3771 1329 3828 idest,
1341 3783 1385 3818 cu·

323 3845 373 3877 non
394 3837 472 3878 exstat
495 3831 521 3878 in
549 3833 625 3893 prima
645 3833 759 3894 editione,
775 3843 836 3882 teate
862 3835 906 3897 jur
917 3853 944 3883 ea
953 3837 1178 3898 proviaciofirerat,
1189 3842 1327 3884 emanaret.

323 3897 439 3943 Haurnio.
474 3897 621 3959 Senomagia
637 3901 753 3958 placeret:
772 3902 836 3948 laia
900 3903 1147 3950 uDr'oirerontdeoa
1157 3902 1286 3964 jugerum
1296 3901 1384 3961 rim·

322 3961 572 4009 dcrlmr'mmormlr'am
583 3965 772 4025 templirsoeerr.
868 3962 914 4032 lor]
925 3968 979 4018 ¹Qui
995 3968 1057 4014 eirea
1074 3967 1175 4014 Romani
1192 3971 1279 4014 cesant.
1313 3967 1385 4012 cmc·

356 4026 558 4088 &obstringere
584 4029 699 4091 religione
720 4031 836 4092 populum
868 4033 972 4078 rumvix
988 4037 1074 4090 est,ut
1090 4045 1140 4080 uon
1156 4033 1195 4079 bic
1211 4030 1322 4078 uoluerit
1338 4030 1385 4077 ali·

251 4107 253 4112 ·
324 4091 471 4154 marm]
493 4093 736 4156 Subjicerapopulum
748 4095 835 4143 Roma·
868 4097 934 4156 quid.
959 4093 1057 4144 'Debuit
1087 4099 1151 4145 euim
1172 4097 1278 4160 profecto
1299 4096 1383 4142 Liria·

325 4170 381 4202 nuru
394 4171 471 4215 poenre
479 4157 619 4206 violatarum
631 4161 778 4221 religionum.
868 4163 961 4219 dooere,
974 4168 1078 4222 quantas
1090 4173 1201 4210 moturus
1218 4161 1304 4208 civium
1316 4161 1383 4207 lati·

357 4220 561 4284 rnemmprarer]
577 4223 598 4269 n
606 4226 647 4285 qui
655 4227 748 4287 tegulas
757 4240 836 4287 repar·
868 4238 998 4287 notumque
1017 4230 1043 4274 in
1062 4241 1143 4276 eoram
1163 4240 1270 4285 amorum
1288 4237 1382 4288 weser-

322 4286 586 4334 tuuduconduxerant.
868 4293 956 4339 sionem
980 4294 1065 4340 missua
1085 4294 1125 4342 sit.
1156 4293 1209 4340 Nec
1227 4293 1295 4340 nette
1312 4291 1383 4340 noan

357 4357 370 4396 u
388 4352 443 4398 Sora
460 4359 589 4413 opportuno
599 4353 668 4416 sair.-
692 4356 721 4401 Ρ.
735 4353 835 4419 Furius]
866 4359 1032 4419 persuademus
1043 4359 1067 4406 id
1077 4359 1107 4408 ab
1119 4373 1146 4406 eo
1155 4357 1348 4422 praeumbran-
