<?xml version="1.0" encoding="UTF-8"?>
<!DOCTYPE html PUBLIC "-//W3C//DTD XHTML 1.0 Transitional//EN"
    "http://www.w3.org/TR/xhtml1/DTD/xhtml1-transitional.dtd">
<html xmlns="http://www.w3.org/1999/xhtml" xml:lang="en" lang="en">
 <head>
  <title>
</title>
<meta http-equiv="Content-Type" content="text/html;charset=utf-8" />
  <meta name='ocr-system' content='tesseract 3.04.00' />
  <meta name='ocr-capabilities' content='ocr_page ocr_carea ocr_par ocr_line ocrx_word'/>
</head>
<body>
  <div class='ocr_page' id='page_1' title='image "./tliviipatavinih03crevgoog_0277.png"; bbox 0 0 3120 4984; ppageno 0'>
   <div class='ocr_carea' id='block_1_1' title="bbox 334 200 997 262">
    <p class='ocr_par' dir='ltr' id='par_1_1' title="bbox 334 200 997 262">
     <span class='ocr_line' id='line_1_1' title="bbox 334 200 997 262; baseline -0.002 0"><span class='ocrx_word' id='word_1_1' title='bbox 334 200 391 262; x_wconf 75' lang='lat' dir='ltr'><strong>tau</strong></span> <span class='ocrx_word' id='word_1_2' title='bbox 721 201 832 260; x_wconf 71' lang='lat' dir='ltr'><strong>urii</strong></span> <span class='ocrx_word' id='word_1_3' title='bbox 862 201 997 261; x_wconf 85' lang='lat' dir='ltr'><strong>Livlt</strong></span> 
     </span>
    </p>
   </div>
   <div class='ocr_carea' id='block_1_2' title="bbox 166 363 1444 3312">
    <p class='ocr_par' dir='ltr' id='par_1_2' title="bbox 168 363 1404 450">
     <span class='ocr_line' id='line_1_2' title="bbox 168 363 1404 450; baseline -0.002 -12"><span class='ocrx_word' id='word_1_4' title='bbox 168 384 305 440; x_wconf 67' lang='lat' dir='ltr'><strong>uuas</strong></span> <span class='ocrx_word' id='word_1_5' title='bbox 331 368 415 440; x_wconf 79' lang='lat' dir='ltr'><strong>Sunt</strong></span> <span class='ocrx_word' id='word_1_6' title='bbox 438 366 524 437; x_wconf 75' lang='lat' dir='ltr'><strong>enim</strong></span> <span class='ocrx_word' id='word_1_7' title='bbox 550 363 674 450; x_wconf 82' lang='lat' dir='ltr'><strong>Tempe</strong></span> <span class='ocrx_word' id='word_1_8' title='bbox 687 365 807 443; x_wconf 79' lang='lat' dir='ltr'><strong>saltus,</strong></span> <span class='ocrx_word' id='word_1_9' title='bbox 831 365 955 433; x_wconf 87' lang='lat' dir='ltr'><strong>etiamsi</strong></span> <span class='ocrx_word' id='word_1_10' title='bbox 981 387 1046 430; x_wconf 88' lang='lat' dir='ltr'><strong>non</strong></span> <span class='ocrx_word' id='word_1_11' title='bbox 1074 363 1168 440; x_wconf 58' lang='lat' dir='ltr'><strong>bello*</strong></span> <span class='ocrx_word' id='word_1_12' title='bbox 1183 365 1245 440; x_wconf 64' lang='grc' dir='ltr'><strong>θαι·</strong></span> <span class='ocrx_word' id='word_1_13' title='bbox 1261 367 1404 448; x_wconf 75' lang='lat' dir='ltr'><strong>mlestus,</strong></span> 
     </span>
    </p>

    <p class='ocr_par' dir='ltr' id='par_1_3' title="bbox 166 450 1444 1233">
     <span class='ocr_line' id='line_1_3' title="bbox 166 450 1404 540; baseline 0.006 -29"><span class='ocrx_word' id='word_1_14' title='bbox 166 453 199 498; x_wconf 76' lang='lat' dir='ltr'><strong>A.</strong></span> <span class='ocrx_word' id='word_1_15' title='bbox 210 452 238 511; x_wconf 78' lang='lat' dir='ltr'><strong>C·</strong></span> <span class='ocrx_word' id='word_1_16' title='bbox 249 450 305 506; x_wconf 65' lang='lat' dir='ltr'><strong>l⁶⁹2</strong></span> <span class='ocrx_word' id='word_1_17' title='bbox 332 453 465 528; x_wconf 82' lang='lat' dir='ltr'><strong>transitu</strong></span> <span class='ocrx_word' id='word_1_18' title='bbox 480 451 632 532; x_wconf 68' lang='lat' dir='ltr'><strong>difficilis,</strong></span> <span class='ocrx_word' id='word_1_19' title='bbox 649 474 724 524; x_wconf 86' lang='lat' dir='ltr'><strong>nam</strong></span> <span class='ocrx_word' id='word_1_20' title='bbox 739 451 893 538; x_wconf 80' lang='lat' dir='ltr'><strong>³⁶praeter.</strong></span> <span class='ocrx_word' id='word_1_21' title='bbox 914 452 1077 538; x_wconf 81' lang='lat' dir='ltr'><strong>augustias</strong></span> <span class='ocrx_word' id='word_1_22' title='bbox 1097 474 1156 538; x_wconf 87' lang='lat' dir='ltr'><strong>per</strong></span> <span class='ocrx_word' id='word_1_23' title='bbox 1170 455 1311 540; x_wconf 88' lang='lat' dir='ltr'><strong>quinque</strong></span> <span class='ocrx_word' id='word_1_24' title='bbox 1333 456 1404 536; x_wconf 78' lang='lat' dir='ltr'><strong>mii-</strong></span> 
     </span>
     <span class='ocr_line' id='line_1_4' title="bbox 330 539 1405 628; baseline 0.001 -23"><span class='ocrx_word' id='word_1_25' title='bbox 330 540 383 616; x_wconf 87' lang='lat' dir='ltr'><strong>lia,</strong></span> <span class='ocrx_word' id='word_1_26' title='bbox 399 563 463 625; x_wconf 89' lang='lat' dir='ltr'><strong>qua</strong></span> <span class='ocrx_word' id='word_1_27' title='bbox 487 539 638 625; x_wconf 80' lang='lat' dir='ltr'><strong>exiguum</strong></span> <span class='ocrx_word' id='word_1_28' title='bbox 657 541 804 624; x_wconf 89' lang='lat' dir='ltr'><strong>jumento</strong></span> <span class='ocrx_word' id='word_1_29' title='bbox 827 552 942 610; x_wconf 80' lang='lat' dir='ltr'><strong>onusta</strong></span> <span class='ocrx_word' id='word_1_30' title='bbox 967 539 1029 603; x_wconf 85' lang='lat' dir='ltr'><strong>iter</strong></span> <span class='ocrx_word' id='word_1_31' title='bbox 1052 552 1109 616; x_wconf 91' lang='lat' dir='ltr'><strong>est,</strong></span> <span class='ocrx_word' id='word_1_32' title='bbox 1127 562 1221 624; x_wconf 88' lang='lat' dir='ltr'><strong>rupes</strong></span> <span class='ocrx_word' id='word_1_33' title='bbox 1242 541 1405 628; x_wconf 80' lang='lat' dir='ltr'><strong>utrimque</strong></span> 
     </span>
     <span class='ocr_line' id='line_1_5' title="bbox 329 624 1404 713; baseline 0.002 -23"><span class='ocrx_word' id='word_1_34' title='bbox 329 627 375 700; x_wconf 87' lang='lat' dir='ltr'><strong>ita</strong></span> <span class='ocrx_word' id='word_1_35' title='bbox 395 626 527 690; x_wconf 86' lang='lat' dir='ltr'><strong>abscisae</strong></span> <span class='ocrx_word' id='word_1_36' title='bbox 541 639 625 704; x_wconf 90' lang='lat' dir='ltr'><strong>sunt,</strong></span> <span class='ocrx_word' id='word_1_37' title='bbox 640 636 676 689; x_wconf 91' lang='lat' dir='ltr'><strong>ut</strong></span> <span class='ocrx_word' id='word_1_38' title='bbox 691 624 810 708; x_wconf 84' lang='lat' dir='ltr'><strong>despici</strong></span> <span class='ocrx_word' id='word_1_39' title='bbox 826 627 878 688; x_wconf 76' lang='lat' dir='ltr'><strong>vis</strong></span> <span class='ocrx_word' id='word_1_40' title='bbox 902 627 969 690; x_wconf 87' lang='lat' dir='ltr'><strong>sina</strong></span> <span class='ocrx_word' id='word_1_41' title='bbox 981 627 1135 708; x_wconf 73' lang='lat' dir='ltr'><strong>vertigine</strong></span> <span class='ocrx_word' id='word_1_42' title='bbox 1149 627 1286 713; x_wconf 90' lang='lat' dir='ltr'><strong>quadam</strong></span> <span class='ocrx_word' id='word_1_43' title='bbox 1308 629 1404 702; x_wconf 84' lang='lat' dir='ltr'><strong>simul</strong></span> 
     </span>
     <span class='ocr_line' id='line_1_6' title="bbox 330 711 1403 798; baseline 0.001 -21"><span class='ocrx_word' id='word_1_44' title='bbox 330 713 498 784; x_wconf 87' lang='lat' dir='ltr'><strong>oculorum</strong></span> <span class='ocrx_word' id='word_1_45' title='bbox 514 711 610 776; x_wconf 88' lang='lat' dir='ltr'><strong>animi</strong></span> <span class='ocrx_word' id='word_1_46' title='bbox 635 733 673 774; x_wconf 91' lang='lat' dir='ltr'><strong>ue</strong></span> <span class='ocrx_word' id='word_1_47' title='bbox 687 714 797 796; x_wconf 80' lang='lat' dir='ltr'><strong>possit.</strong></span> <span class='ocrx_word' id='word_1_48' title='bbox 819 723 915 776; x_wconf 89' lang='lat' dir='ltr'><strong>terret</strong></span> <span class='ocrx_word' id='word_1_49' title='bbox 937 726 968 776; x_wconf 90' lang='lat' dir='ltr'><strong>et</strong></span> <span class='ocrx_word' id='word_1_50' title='bbox 992 713 1113 776; x_wconf 88' lang='lat' dir='ltr'><strong>sonitus</strong></span> <span class='ocrx_word' id='word_1_51' title='bbox 1132 728 1164 781; x_wconf 89' lang='lat' dir='ltr'><strong>et</strong></span> <span class='ocrx_word' id='word_1_52' title='bbox 1185 712 1323 782; x_wconf 86' lang='lat' dir='ltr'><strong>altitudo</strong></span> <span class='ocrx_word' id='word_1_53' title='bbox 1345 735 1403 798; x_wconf 87' lang='lat' dir='ltr'><strong>per</strong></span> 
     </span>
     <span class='ocr_line' id='line_1_7' title="bbox 330 734 1403 885; baseline 0 -21"><span class='ocrx_word' id='word_1_54' title='bbox 330 799 466 864; x_wconf 89' lang='lat' dir='ltr'><strong>mediam</strong></span> <span class='ocrx_word' id='word_1_55' title='bbox 482 798 594 870; x_wconf 81' lang='lat' dir='ltr'><strong>vallam</strong></span> <span class='ocrx_word' id='word_1_56' title='bbox 606 734 736 866; x_wconf 77' lang='lat' dir='ltr'><strong>duentis</strong></span> <span class='ocrx_word' id='word_1_57' title='bbox 750 797 847 862; x_wconf 90' lang='lat' dir='ltr'><strong>Penei</strong></span> <span class='ocrx_word' id='word_1_58' title='bbox 863 799 976 872; x_wconf 84' lang='lat' dir='ltr'><strong>amnis.</strong></span> <span class='ocrx_word' id='word_1_59' title='bbox 1023 797 1089 870; x_wconf 85' lang='lat' dir='ltr'><strong>Hic</strong></span> <span class='ocrx_word' id='word_1_60' title='bbox 1099 799 1199 876; x_wconf 86' lang='lat' dir='ltr'><strong>iocus,</strong></span> <span class='ocrx_word' id='word_1_61' title='bbox 1212 814 1277 872; x_wconf 90' lang='lat' dir='ltr'><strong>tam</strong></span> <span class='ocrx_word' id='word_1_62' title='bbox 1289 817 1403 885; x_wconf 83' lang='lat' dir='ltr'><strong>suapte</strong></span> 
     </span>
     <span class='ocr_line' id='line_1_8' title="bbox 330 883 1403 972; baseline 0.002 -23"><span class='ocrx_word' id='word_1_63' title='bbox 330 903 446 957; x_wconf 85' lang='lat' dir='ltr'><strong>natura</strong></span> <span class='ocrx_word' id='word_1_64' title='bbox 467 884 608 961; x_wconf 85' lang='lat' dir='ltr'><strong>infestus,</strong></span> <span class='ocrx_word' id='word_1_65' title='bbox 624 905 682 968; x_wconf 84' lang='lat' dir='ltr'><strong>per</strong></span> <span class='ocrx_word' id='word_1_66' title='bbox 697 897 833 971; x_wconf 86' lang='lat' dir='ltr'><strong>quatuor</strong></span> <span class='ocrx_word' id='word_1_67' title='bbox 855 884 1005 956; x_wconf 81' lang='lat' dir='ltr'><strong>distantia</strong></span> <span class='ocrx_word' id='word_1_68' title='bbox 1024 883 1095 952; x_wconf 89' lang='lat' dir='ltr'><strong>loca</strong></span> <span class='ocrx_word' id='word_1_69' title='bbox 1109 885 1302 971; x_wconf 82' lang='lat' dir='ltr'><strong>³⁷praesidiis</strong></span> <span class='ocrx_word' id='word_1_70' title='bbox 1318 887 1403 972; x_wconf 79' lang='lat' dir='ltr'><strong>regis</strong></span> 
     </span>
     <span class='ocr_line' id='line_1_9' title="bbox 330 969 1444 1054; baseline 0 -18"><span class='ocrx_word' id='word_1_71' title='bbox 330 972 390 1048; x_wconf 84' lang='lat' dir='ltr'><strong>fuit</strong></span> <span class='ocrx_word' id='word_1_72' title='bbox 405 975 547 1036; x_wconf 84' lang='lat' dir='ltr'><strong>insessos.</strong></span> <span class='ocrx_word' id='word_1_73' title='bbox 563 993 671 1041; x_wconf 87' lang='lat' dir='ltr'><strong>unum</strong></span> <span class='ocrx_word' id='word_1_74' title='bbox 693 972 726 1036; x_wconf 89' lang='lat' dir='ltr'><strong>in</strong></span> <span class='ocrx_word' id='word_1_75' title='bbox 750 972 854 1054; x_wconf 83' lang='lat' dir='ltr'><strong>primo</strong></span> <span class='ocrx_word' id='word_1_76' title='bbox 876 971 964 1036; x_wconf 87' lang='lat' dir='ltr'><strong>aditu</strong></span> <span class='ocrx_word' id='word_1_77' title='bbox 985 969 1027 1044; x_wconf 85' lang='lat' dir='ltr'><strong>ad</strong></span> <span class='ocrx_word' id='word_1_78' title='bbox 1043 973 1196 1036; x_wconf 88' lang='lat' dir='ltr'><strong>Gonnum</strong></span> <span class='ocrx_word' id='word_1_79' title='bbox 1212 989 1296 1041; x_wconf 86' lang='lat' dir='ltr'><strong>erat:</strong></span> <span class='ocrx_word' id='word_1_80' title='bbox 1319 973 1401 1040; x_wconf 62' lang='lat' dir='ltr'><strong>“at-</strong></span> <span class='ocrx_word' id='word_1_81' title='bbox 1441 1019 1444 1024; x_wconf 89' lang='lat'>-</span> 
     </span>
     <span class='ocr_line' id='line_1_10' title="bbox 318 1057 1401 1146; baseline 0.004 -24"><span class='ocrx_word' id='word_1_82' title='bbox 318 1073 433 1145; x_wconf 74' lang='lat' dir='ltr'><strong>terum</strong></span> <span class='ocrx_word' id='word_1_83' title='bbox 459 1057 629 1144; x_wconf 83' lang='lat' dir='ltr'><strong>Condylon</strong></span> <span class='ocrx_word' id='word_1_84' title='bbox 652 1058 780 1130; x_wconf 85' lang='lat' dir='ltr'><strong>castello</strong></span> <span class='ocrx_word' id='word_1_85' title='bbox 806 1057 1062 1146; x_wconf 70' lang='lat' dir='ltr'><strong>inexpugnabilir</strong></span> <span class='ocrx_word' id='word_1_86' title='bbox 1087 1059 1216 1128; x_wconf 88' lang='lat' dir='ltr'><strong>tertium</strong></span> <span class='ocrx_word' id='word_1_87' title='bbox 1238 1063 1321 1134; x_wconf 82' lang='lat' dir='ltr'><strong>circa</strong></span> <span class='ocrx_word' id='word_1_88' title='bbox 1337 1060 1401 1126; x_wconf 92' lang='lat' dir='ltr'><strong>La-</strong></span> 
     </span>
     <span class='ocr_line' id='line_1_11' title="bbox 319 1139 1401 1233; baseline 0.002 -23"><span class='ocrx_word' id='word_1_89' title='bbox 319 1145 497 1230; x_wconf 83' lang='lat' dir='ltr'><strong>pathunta,</strong></span> <span class='ocrx_word' id='word_1_90' title='bbox 515 1167 608 1230; x_wconf 90' lang='lat' dir='ltr'><strong>quem</strong></span> <span class='ocrx_word' id='word_1_91' title='bbox 626 1144 770 1212; x_wconf 81' lang='lat' dir='ltr'><strong>Characa</strong></span> <span class='ocrx_word' id='word_1_92' title='bbox 792 1144 973 1227; x_wconf 79' lang='lat' dir='ltr'><strong>adpellant:</strong></span> <span class='ocrx_word' id='word_1_93' title='bbox 997 1158 1144 1230; x_wconf 88' lang='lat' dir='ltr'><strong>quartum</strong></span> <span class='ocrx_word' id='word_1_94' title='bbox 1168 1139 1227 1213; x_wconf 80' lang='lat' dir='ltr'><strong>vias</strong></span> <span class='ocrx_word' id='word_1_95' title='bbox 1249 1148 1319 1232; x_wconf 90' lang='lat' dir='ltr'><strong>ipsi,</strong></span> <span class='ocrx_word' id='word_1_96' title='bbox 1336 1169 1401 1233; x_wconf 90' lang='lat' dir='ltr'><strong>qua</strong></span> 
     </span>
    </p>

    <p class='ocr_par' dir='ltr' id='par_1_4' title="bbox 317 1230 1401 1319">
     <span class='ocr_line' id='line_1_12' title="bbox 317 1230 1401 1319; baseline 0.001 -23"><span class='ocrx_word' id='word_1_97' title='bbox 317 1246 362 1308; x_wconf 64' lang='lat' dir='ltr'><strong>,et</strong></span> <span class='ocrx_word' id='word_1_98' title='bbox 387 1231 492 1304; x_wconf 85' lang='lat' dir='ltr'><strong>media</strong></span> <span class='ocrx_word' id='word_1_99' title='bbox 517 1246 549 1304; x_wconf 88' lang='lat' dir='ltr'><strong>et</strong></span> <span class='ocrx_word' id='word_1_100' title='bbox 574 1232 798 1317; x_wconf 82' lang='lat' dir='ltr'><strong>angustissima</strong></span> <span class='ocrx_word' id='word_1_101' title='bbox 821 1230 910 1296; x_wconf 88' lang='lat' dir='ltr'><strong>vallis</strong></span> <span class='ocrx_word' id='word_1_102' title='bbox 933 1243 989 1306; x_wconf 85' lang='lat' dir='ltr'><strong>est,</strong></span> <span class='ocrx_word' id='word_1_103' title='bbox 1018 1232 1200 1316; x_wconf 85' lang='lat' dir='ltr'><strong>inpositum,</strong></span> <span class='ocrx_word' id='word_1_104' title='bbox 1224 1255 1320 1319; x_wconf 87' lang='lat' dir='ltr'><strong>quam</strong></span> <span class='ocrx_word' id='word_1_105' title='bbox 1350 1233 1401 1310; x_wconf 77' lang='lat' dir='ltr'><strong>vel</strong></span> 
     </span>
    </p>

    <p class='ocr_par' dir='ltr' id='par_1_5' title="bbox 198 1316 1401 1491">
     <span class='ocr_line' id='line_1_13' title="bbox 330 1316 1400 1403; baseline 0 -20"><span class='ocrx_word' id='word_1_106' title='bbox 330 1319 440 1384; x_wconf 90' lang='lat' dir='ltr'><strong>decem</strong></span> <span class='ocrx_word' id='word_1_107' title='bbox 458 1319 587 1390; x_wconf 86' lang='lat' dir='ltr'><strong>armatis</strong></span> <span class='ocrx_word' id='word_1_108' title='bbox 603 1318 685 1394; x_wconf 89' lang='lat' dir='ltr'><strong>tueri</strong></span> <span class='ocrx_word' id='word_1_109' title='bbox 700 1317 789 1382; x_wconf 84' lang='lat' dir='ltr'><strong>facile</strong></span> <span class='ocrx_word' id='word_1_110' title='bbox 804 1331 860 1382; x_wconf 89' lang='lat' dir='ltr'><strong>est.</strong></span> <span class='ocrx_word' id='word_1_111' title='bbox 906 1316 1085 1402; x_wconf 76' lang='lat' dir='ltr'><strong>Intercluso</strong></span> <span class='ocrx_word' id='word_1_112' title='bbox 1099 1341 1157 1402; x_wconf 89' lang='lat' dir='ltr'><strong>per</strong></span> <span class='ocrx_word' id='word_1_113' title='bbox 1170 1317 1294 1403; x_wconf 82' lang='lat' dir='ltr'><strong>Tempe</strong></span> <span class='ocrx_word' id='word_1_114' title='bbox 1305 1320 1400 1385; x_wconf 91' lang='lat' dir='ltr'><strong>simul</strong></span> 
     </span>
     <span class='ocr_line' id='line_1_14' title="bbox 198 1404 1401 1491; baseline 0.001 -22"><span class='ocrx_word' id='word_1_115' title='bbox 198 1469 201 1476; x_wconf 83' lang='grc'>,</span> <span class='ocrx_word' id='word_1_116' title='bbox 327 1406 417 1490; x_wconf 81' lang='lat' dir='ltr'><strong>aditu</strong></span> <span class='ocrx_word' id='word_1_117' title='bbox 441 1405 679 1486; x_wconf 86' lang='lat' dir='ltr'><strong>commeatibus,</strong></span> <span class='ocrx_word' id='word_1_118' title='bbox 695 1405 787 1468; x_wconf 91' lang='lat' dir='ltr'><strong>simul</strong></span> <span class='ocrx_word' id='word_1_119' title='bbox 808 1404 921 1479; x_wconf 87' lang='lat' dir='ltr'><strong>reditu,</strong></span> <span class='ocrx_word' id='word_1_120' title='bbox 938 1405 998 1486; x_wconf 90' lang='lat' dir='ltr'><strong>ipsi</strong></span> <span class='ocrx_word' id='word_1_121' title='bbox 1020 1420 1153 1482; x_wconf 88' lang='lat' dir='ltr'><strong>montes,</strong></span> <span class='ocrx_word' id='word_1_122' title='bbox 1170 1427 1227 1488; x_wconf 84' lang='lat' dir='ltr'><strong>per</strong></span> <span class='ocrx_word' id='word_1_123' title='bbox 1242 1429 1322 1491; x_wconf 89' lang='lat' dir='ltr'><strong>quos</strong></span> <span class='ocrx_word' id='word_1_124' title='bbox 1344 1406 1401 1471; x_wconf 90' lang='lat' dir='ltr'><strong>de·</strong></span> 
     </span>
    </p>

    <p class='ocr_par' dir='ltr' id='par_1_6' title="bbox 274 1489 1400 2794">
     <span class='ocr_line' id='line_1_15' title="bbox 274 1489 1396 1578; baseline -0.003 -17"><span class='ocrx_word' id='word_1_125' title='bbox 274 1529 277 1539; x_wconf 86' lang='lat'>·</span> <span class='ocrx_word' id='word_1_126' title='bbox 325 1493 524 1568; x_wconf 76' lang='lat' dir='ltr'><strong>scanderent,</strong></span> <span class='ocrx_word' id='word_1_127' title='bbox 540 1491 704 1577; x_wconf 89' lang='lat' dir='ltr'><strong>repetendi</strong></span> <span class='ocrx_word' id='word_1_128' title='bbox 718 1502 817 1564; x_wconf 79' lang='lat' dir='ltr'><strong>erant.</strong></span> <span class='ocrx_word' id='word_1_129' title='bbox 840 1489 962 1578; x_wconf 80' lang='lat' dir='ltr'><strong>³⁹quod</strong></span> <span class='ocrx_word' id='word_1_130' title='bbox 986 1503 1021 1566; x_wconf 80' lang='lat' dir='ltr'><strong>ut</strong></span> <span class='ocrx_word' id='word_1_131' title='bbox 1041 1490 1127 1565; x_wconf 78' lang='lat' dir='ltr'><strong>furto</strong></span> <span class='ocrx_word' id='word_1_132' title='bbox 1147 1491 1331 1570; x_wconf 85' lang='lat' dir='ltr'><strong>fefellerant,</strong></span> <span class='ocrx_word' id='word_1_133' title='bbox 1347 1494 1396 1558; x_wconf 91' lang='lat' dir='ltr'><strong>ita</strong></span> 
     </span>
     <span class='ocr_line' id='line_1_16' title="bbox 326 1577 1399 1666; baseline 0 -22"><span class='ocrx_word' id='word_1_134' title='bbox 326 1581 502 1664; x_wconf 84' lang='lat' dir='ltr'><strong>propalam,</strong></span> <span class='ocrx_word' id='word_1_135' title='bbox 519 1577 698 1645; x_wconf 86' lang='lat' dir='ltr'><strong>tenentibus</strong></span> <span class='ocrx_word' id='word_1_136' title='bbox 713 1578 877 1662; x_wconf 83' lang='lat' dir='ltr'><strong>superiora</strong></span> <span class='ocrx_word' id='word_1_137' title='bbox 891 1577 1057 1642; x_wconf 89' lang='lat' dir='ltr'><strong>cacumina</strong></span> <span class='ocrx_word' id='word_1_138' title='bbox 1073 1579 1227 1657; x_wconf 81' lang='lat' dir='ltr'><strong>hostibus,</strong></span> <span class='ocrx_word' id='word_1_139' title='bbox 1242 1602 1308 1644; x_wconf 91' lang='lat' dir='ltr'><strong>non</strong></span> <span class='ocrx_word' id='word_1_140' title='bbox 1324 1594 1399 1666; x_wconf 92' lang='lat' dir='ltr'><strong>pot·</strong></span> 
     </span>
     <span class='ocr_line' id='line_1_17' title="bbox 326 1663 1400 1749; baseline 0.003 -21"><span class='ocrx_word' id='word_1_141' title='bbox 326 1679 431 1738; x_wconf 88' lang='lat' dir='ltr'><strong>erant:</strong></span> <span class='ocrx_word' id='word_1_142' title='bbox 455 1680 486 1738; x_wconf 84' lang='lat' dir='ltr'><strong>ct</strong></span> <span class='ocrx_word' id='word_1_143' title='bbox 506 1679 640 1749; x_wconf 83' lang='lat' dir='ltr'><strong>experta</strong></span> <span class='ocrx_word' id='word_1_144' title='bbox 664 1663 832 1730; x_wconf 90' lang='lat' dir='ltr'><strong>difficultas</strong></span> <span class='ocrx_word' id='word_1_145' title='bbox 855 1686 942 1749; x_wconf 89' lang='lat' dir='ltr'><strong>spem</strong></span> <span class='ocrx_word' id='word_1_146' title='bbox 970 1686 1096 1728; x_wconf 92' lang='lat' dir='ltr'><strong>omnem</strong></span> <span class='ocrx_word' id='word_1_147' title='bbox 1118 1665 1289 1742; x_wconf 82' lang='lat' dir='ltr'><strong>incidisset.</strong></span> <span class='ocrx_word' id='word_1_148' title='bbox 1337 1667 1400 1744; x_wconf 84' lang='lat' dir='ltr'><strong>Su·</strong></span> 
     </span>
     <span class='ocr_line' id='line_1_18' title="bbox 325 1751 1397 1843; baseline 0.002 -29"><span class='ocrx_word' id='word_1_149' title='bbox 325 1766 449 1836; x_wconf 81' lang='lat' dir='ltr'><strong>parerat</strong></span> <span class='ocrx_word' id='word_1_150' title='bbox 461 1751 541 1816; x_wconf 93' lang='lat' dir='ltr'><strong>nihil</strong></span> <span class='ocrx_word' id='word_1_151' title='bbox 552 1751 636 1814; x_wconf 89' lang='lat' dir='ltr'><strong>aliud</strong></span> <span class='ocrx_word' id='word_1_152' title='bbox 650 1751 682 1813; x_wconf 93' lang='lat' dir='ltr'><strong>in</strong></span> <span class='ocrx_word' id='word_1_153' title='bbox 696 1763 814 1816; x_wconf 88' lang='lat' dir='ltr'><strong>temere</strong></span> <span class='ocrx_word' id='word_1_154' title='bbox 825 1751 1002 1843; x_wconf 77' lang='lat' dir='ltr'><strong>commisso,</strong></span> <span class='ocrx_word' id='word_1_155' title='bbox 1016 1773 1111 1836; x_wconf 90' lang='lat' dir='ltr'><strong>quam</strong></span> <span class='ocrx_word' id='word_1_156' title='bbox 1124 1753 1157 1816; x_wconf 91' lang='lat' dir='ltr'><strong>in</strong></span> <span class='ocrx_word' id='word_1_157' title='bbox 1168 1751 1397 1829; x_wconf 86' lang='lat' dir='ltr'><strong>Macedoniam</strong></span> 
     </span>
     <span class='ocr_line' id='line_1_19' title="bbox 325 1837 1399 1924; baseline 0 -20"><span class='ocrx_word' id='word_1_158' title='bbox 325 1839 365 1904; x_wconf 85' lang='lat' dir='ltr'><strong>ad</strong></span> <span class='ocrx_word' id='word_1_159' title='bbox 392 1839 493 1904; x_wconf 92' lang='lat' dir='ltr'><strong>Dium</strong></span> <span class='ocrx_word' id='word_1_160' title='bbox 518 1860 575 1922; x_wconf 90' lang='lat' dir='ltr'><strong>per</strong></span> <span class='ocrx_word' id='word_1_161' title='bbox 599 1837 721 1902; x_wconf 90' lang='lat' dir='ltr'><strong>medios</strong></span> <span class='ocrx_word' id='word_1_162' title='bbox 746 1837 879 1902; x_wconf 86' lang='lat' dir='ltr'><strong>evadere</strong></span> <span class='ocrx_word' id='word_1_163' title='bbox 902 1839 1024 1915; x_wconf 86' lang='lat' dir='ltr'><strong>hostes:</strong></span> <span class='ocrx_word' id='word_1_164' title='bbox 1047 1838 1144 1924; x_wconf 84' lang='lat' dir='ltr'><strong>quod,</strong></span> <span class='ocrx_word' id='word_1_165' title='bbox 1160 1839 1221 1902; x_wconf 87' lang='lat' dir='ltr'><strong>nisi</strong></span> <span class='ocrx_word' id='word_1_166' title='bbox 1236 1839 1292 1903; x_wconf 91' lang='lat' dir='ltr'><strong>Dii</strong></span> <span class='ocrx_word' id='word_1_167' title='bbox 1308 1861 1399 1915; x_wconf 79' lang='lat' dir='ltr'><strong>rnen-</strong></span> 
     </span>
     <span class='ocr_line' id='line_1_20' title="bbox 316 1923 1397 2011; baseline 0 -19"><span class='ocrx_word' id='word_1_168' title='bbox 316 1939 387 1998; x_wconf 77' lang='lat' dir='ltr'><strong>¹tem</strong></span> <span class='ocrx_word' id='word_1_169' title='bbox 405 1928 471 2006; x_wconf 75' lang='lat' dir='ltr'><strong>regi</strong></span> <span class='ocrx_word' id='word_1_170' title='bbox 488 1925 687 2002; x_wconf 77' lang='lat' dir='ltr'><strong>ademissent,</strong></span> <span class='ocrx_word' id='word_1_171' title='bbox 702 1925 805 2008; x_wconf 84' lang='lat' dir='ltr'><strong>ipsum</strong></span> <span class='ocrx_word' id='word_1_172' title='bbox 830 1924 966 2011; x_wconf 86' lang='lat' dir='ltr'><strong>ingentis</strong></span> <span class='ocrx_word' id='word_1_173' title='bbox 981 1923 1174 1990; x_wconf 88' lang='lat' dir='ltr'><strong>difficultatis</strong></span> <span class='ocrx_word' id='word_1_174' title='bbox 1188 1941 1265 2000; x_wconf 84' lang='lat' dir='ltr'><strong>erat.</strong></span> <span class='ocrx_word' id='word_1_175' title='bbox 1294 1925 1397 2004; x_wconf 83' lang='lat' dir='ltr'><strong>¹Nam</strong></span> 
     </span>
     <span class='ocr_line' id='line_1_21' title="bbox 326 2010 1398 2100; baseline 0.001 -23"><span class='ocrx_word' id='word_1_176' title='bbox 326 2035 423 2100; x_wconf 91' lang='lat' dir='ltr'><strong>quum</strong></span> <span class='ocrx_word' id='word_1_177' title='bbox 441 2012 573 2098; x_wconf 84' lang='lat' dir='ltr'><strong>Olympi</strong></span> <span class='ocrx_word' id='word_1_178' title='bbox 601 2011 721 2076; x_wconf 84' lang='lat' dir='ltr'><strong>radices</strong></span> <span class='ocrx_word' id='word_1_179' title='bbox 745 2012 866 2075; x_wconf 91' lang='lat' dir='ltr'><strong>montis</strong></span> <span class='ocrx_word' id='word_1_180' title='bbox 886 2010 994 2094; x_wconf 88' lang='lat' dir='ltr'><strong>paullo</strong></span> <span class='ocrx_word' id='word_1_181' title='bbox 1015 2011 1195 2098; x_wconf 87' lang='lat' dir='ltr'><strong>plusquam</strong></span> <span class='ocrx_word' id='word_1_182' title='bbox 1216 2012 1304 2086; x_wconf 86' lang='lat' dir='ltr'><strong>mille</strong></span> <span class='ocrx_word' id='word_1_183' title='bbox 1324 2035 1398 2097; x_wconf 84' lang='lat' dir='ltr'><strong>pas·</strong></span> 
     </span>
     <span class='ocr_line' id='line_1_22' title="bbox 325 2097 1396 2184; baseline 0.004 -22"><span class='ocrx_word' id='word_1_184' title='bbox 325 2122 416 2170; x_wconf 84' lang='lat' dir='ltr'><strong>suum</strong></span> <span class='ocrx_word' id='word_1_185' title='bbox 438 2099 477 2170; x_wconf 84' lang='lat' dir='ltr'><strong>ad</strong></span> <span class='ocrx_word' id='word_1_186' title='bbox 500 2121 585 2162; x_wconf 90' lang='lat' dir='ltr'><strong>mare</strong></span> <span class='ocrx_word' id='word_1_187' title='bbox 600 2098 781 2184; x_wconf 87' lang='lat' dir='ltr'><strong>relinquant</strong></span> <span class='ocrx_word' id='word_1_188' title='bbox 804 2099 953 2184; x_wconf 86' lang='lat' dir='ltr'><strong>spatium,</strong></span> <span class='ocrx_word' id='word_1_189' title='bbox 970 2099 1059 2183; x_wconf 90' lang='lat' dir='ltr'><strong>cujus</strong></span> <span class='ocrx_word' id='word_1_190' title='bbox 1081 2097 1248 2162; x_wconf 91' lang='lat' dir='ltr'><strong>dimidium</strong></span> <span class='ocrx_word' id='word_1_191' title='bbox 1264 2099 1326 2174; x_wconf 81' lang='lat' dir='ltr'><strong>loci</strong></span> <span class='ocrx_word' id='word_1_192' title='bbox 1341 2123 1396 2178; x_wconf 83' lang='lat' dir='ltr'><strong>oc·</strong></span> 
     </span>
     <span class='ocr_line' id='line_1_23' title="bbox 323 2182 1399 2272; baseline -0.001 -20"><span class='ocrx_word' id='word_1_193' title='bbox 323 2199 420 2270; x_wconf 90' lang='lat' dir='ltr'><strong>cupat</strong></span> <span class='ocrx_word' id='word_1_194' title='bbox 435 2186 549 2252; x_wconf 90' lang='lat' dir='ltr'><strong>ostium</strong></span> <span class='ocrx_word' id='word_1_195' title='bbox 572 2185 634 2248; x_wconf 87' lang='lat' dir='ltr'><strong>late</strong></span> <span class='ocrx_word' id='word_1_196' title='bbox 657 2198 840 2272; x_wconf 83' lang='lat' dir='ltr'><strong>restagnans</strong></span> <span class='ocrx_word' id='word_1_197' title='bbox 864 2182 1005 2270; x_wconf 81' lang='lat' dir='ltr'><strong>Baphyri</strong></span> <span class='ocrx_word' id='word_1_198' title='bbox 1023 2185 1136 2262; x_wconf 78' lang='lat' dir='ltr'><strong>emole,</strong></span> <span class='ocrx_word' id='word_1_199' title='bbox 1152 2184 1309 2270; x_wconf 82' lang='lat' dir='ltr'><strong>⁴⁰parte1n</strong></span> <span class='ocrx_word' id='word_1_200' title='bbox 1327 2186 1399 2268; x_wconf 90' lang='lat' dir='ltr'><strong>pla·</strong></span> 
     </span>
     <span class='ocr_line' id='line_1_24' title="bbox 322 2271 1395 2358; baseline 0.003 -22"><span class='ocrx_word' id='word_1_201' title='bbox 322 2274 417 2337; x_wconf 85' lang='lat' dir='ltr'><strong>niciae</strong></span> <span class='ocrx_word' id='word_1_202' title='bbox 446 2286 501 2336; x_wconf 91' lang='lat' dir='ltr'><strong>aut</strong></span> <span class='ocrx_word' id='word_1_203' title='bbox 527 2273 615 2338; x_wconf 87' lang='lat' dir='ltr'><strong>Jovis</strong></span> <span class='ocrx_word' id='word_1_204' title='bbox 642 2272 807 2354; x_wconf 88' lang='lat' dir='ltr'><strong>templum,</strong></span> <span class='ocrx_word' id='word_1_205' title='bbox 835 2284 890 2334; x_wconf 89' lang='lat' dir='ltr'><strong>aut</strong></span> <span class='ocrx_word' id='word_1_206' title='bbox 915 2271 1070 2354; x_wconf 82' lang='lat' dir='ltr'><strong>oppidum</strong></span> <span class='ocrx_word' id='word_1_207' title='bbox 1098 2285 1200 2348; x_wconf 85' lang='lat' dir='ltr'><strong>tenet3</strong></span> <span class='ocrx_word' id='word_1_208' title='bbox 1235 2273 1395 2358; x_wconf 89' lang='lat' dir='ltr'><strong>reliquum</strong></span> 
     </span>
     <span class='ocr_line' id='line_1_25' title="bbox 323 2357 1397 2448; baseline 0.001 -24"><span class='ocrx_word' id='word_1_209' title='bbox 323 2361 530 2448; x_wconf 64' lang='lat' dir='ltr'><strong>perexiguum</strong></span> <span class='ocrx_word' id='word_1_210' title='bbox 553 2358 637 2422; x_wconf 82' lang='lat' dir='ltr'><strong>fossa</strong></span> <span class='ocrx_word' id='word_1_211' title='bbox 659 2358 786 2423; x_wconf 85' lang='lat' dir='ltr'><strong>modica</strong></span> <span class='ocrx_word' id='word_1_212' title='bbox 800 2357 946 2443; x_wconf 90' lang='lat' dir='ltr'><strong>valloque</strong></span> <span class='ocrx_word' id='word_1_213' title='bbox 971 2357 1078 2422; x_wconf 88' lang='lat' dir='ltr'><strong>claudi</strong></span> <span class='ocrx_word' id='word_1_214' title='bbox 1103 2371 1238 2443; x_wconf 86' lang='lat' dir='ltr'><strong>poterat,</strong></span> <span class='ocrx_word' id='word_1_215' title='bbox 1255 2375 1287 2424; x_wconf 91' lang='lat' dir='ltr'><strong>et</strong></span> <span class='ocrx_word' id='word_1_216' title='bbox 1302 2383 1397 2425; x_wconf 89' lang='lat' dir='ltr'><strong>saxo-</strong></span> 
     </span>
     <span class='ocr_line' id='line_1_26' title="bbox 321 2445 1396 2530; baseline -0.001 -18"><span class='ocrx_word' id='word_1_217' title='bbox 321 2469 393 2522; x_wconf 71' lang='lat' dir='ltr'><strong>¹rum</strong></span> <span class='ocrx_word' id='word_1_218' title='bbox 419 2453 457 2512; x_wconf 86' lang='lat' dir='ltr'><strong>ad</strong></span> <span class='ocrx_word' id='word_1_219' title='bbox 486 2468 615 2510; x_wconf 91' lang='lat' dir='ltr'><strong>manum</strong></span> <span class='ocrx_word' id='word_1_220' title='bbox 642 2445 853 2530; x_wconf 84' lang='lat' dir='ltr'><strong>silvestrisque</strong></span> <span class='ocrx_word' id='word_1_221' title='bbox 877 2445 1018 2508; x_wconf 84' lang='lat' dir='ltr'><strong>materiae</strong></span> <span class='ocrx_word' id='word_1_222' title='bbox 1043 2457 1166 2513; x_wconf 90' lang='lat' dir='ltr'><strong>tantum</strong></span> <span class='ocrx_word' id='word_1_223' title='bbox 1194 2458 1272 2528; x_wconf 85' lang='lat' dir='ltr'><strong>erat,</strong></span> <span class='ocrx_word' id='word_1_224' title='bbox 1293 2447 1396 2512; x_wconf 89' lang='lat' dir='ltr'><strong>utvel</strong></span> 
     </span>
     <span class='ocr_line' id='line_1_27' title="bbox 321 2531 1397 2620; baseline -0.001 -22"><span class='ocrx_word' id='word_1_225' title='bbox 321 2556 433 2600; x_wconf 89' lang='lat' dir='ltr'><strong>murus</strong></span> <span class='ocrx_word' id='word_1_226' title='bbox 456 2535 561 2620; x_wconf 85' lang='lat' dir='ltr'><strong>objici,</strong></span> <span class='ocrx_word' id='word_1_227' title='bbox 579 2547 744 2620; x_wconf 87' lang='lat' dir='ltr'><strong>turresque</strong></span> <span class='ocrx_word' id='word_1_228' title='bbox 764 2531 895 2596; x_wconf 79' lang='lat' dir='ltr'><strong>excitari</strong></span> <span class='ocrx_word' id='word_1_229' title='bbox 922 2531 1092 2613; x_wconf 89' lang='lat' dir='ltr'><strong>potuerint.</strong></span> <span class='ocrx_word' id='word_1_230' title='bbox 1138 2532 1286 2609; x_wconf 85' lang='lat' dir='ltr'><strong>Quorum</strong></span> <span class='ocrx_word' id='word_1_231' title='bbox 1313 2532 1397 2610; x_wconf 82' lang='lat' dir='ltr'><strong>nihil</strong></span> 
     </span>
     <span class='ocr_line' id='line_1_28' title="bbox 322 2618 1395 2707; baseline 0 -21"><span class='ocrx_word' id='word_1_232' title='bbox 322 2644 421 2707; x_wconf 91' lang='lat' dir='ltr'><strong>quum</strong></span> <span class='ocrx_word' id='word_1_233' title='bbox 450 2619 639 2704; x_wconf 88' lang='lat' dir='ltr'><strong>dispexisset</strong></span> <span class='ocrx_word' id='word_1_234' title='bbox 668 2631 786 2690; x_wconf 82' lang='lat' dir='ltr'><strong>caecata</strong></span> <span class='ocrx_word' id='word_1_235' title='bbox 821 2638 909 2680; x_wconf 91' lang='lat' dir='ltr'><strong>mens</strong></span> <span class='ocrx_word' id='word_1_236' title='bbox 939 2619 1046 2692; x_wconf 73' lang='lat' dir='ltr'><strong>subito,</strong></span> <span class='ocrx_word' id='word_1_237' title='bbox 1074 2632 1205 2704; x_wconf 80' lang='lat' dir='ltr'><strong>terrore,</strong></span> <span class='ocrx_word' id='word_1_238' title='bbox 1231 2618 1255 2657; x_wconf 80' lang='lat'><strong>⁴¹</strong></span> <span class='ocrx_word' id='word_1_239' title='bbox 1265 2620 1395 2698; x_wconf 84' lang='lat' dir='ltr'><strong>nudatis</strong></span> 
     </span>
     <span class='ocr_line' id='line_1_29' title="bbox 321 2701 1395 2794; baseline 0.004 -24"><span class='ocrx_word' id='word_1_240' title='bbox 321 2707 472 2772; x_wconf 89' lang='lat' dir='ltr'><strong>omnibus</strong></span> <span class='ocrx_word' id='word_1_241' title='bbox 499 2705 670 2794; x_wconf 73' lang='lat' dir='ltr'><strong>praesidiis,</strong></span> <span class='ocrx_word' id='word_1_242' title='bbox 690 2704 917 2791; x_wconf 87' lang='lat' dir='ltr'><strong>patefactisque</strong></span> <span class='ocrx_word' id='word_1_243' title='bbox 947 2703 1039 2782; x_wconf 91' lang='lat' dir='ltr'><strong>bello,</strong></span> <span class='ocrx_word' id='word_1_244' title='bbox 1065 2704 1106 2768; x_wconf 89' lang='lat' dir='ltr'><strong>ad</strong></span> <span class='ocrx_word' id='word_1_245' title='bbox 1134 2701 1281 2792; x_wconf 87' lang='lat' dir='ltr'><strong>Pydnam</strong></span> <span class='ocrx_word' id='word_1_246' title='bbox 1307 2706 1395 2774; x_wconf 89' lang='lat' dir='ltr'><strong>refu·</strong></span> 
     </span>
    </p>

    <p class='ocr_par' dir='ltr' id='par_1_7' title="bbox 312 2794 1393 3312">
     <span class='ocr_line' id='line_1_30' title="bbox 312 2794 621 2865; baseline 0 0"><span class='ocrx_word' id='word_1_247' title='bbox 312 2857 316 2865; x_wconf 88' lang='lat'>.</span> <span class='ocrx_word' id='word_1_248' title='bbox 346 2794 378 2858; x_wconf 67' lang='grc' dir='ltr'><strong>’ΐι</strong></span> <span class='ocrx_word' id='word_1_249' title='bbox 620 2839 621 2846; x_wconf 46' lang='lat'>1</span> 
     </span>
     <span class='ocr_line' id='line_1_31' title="bbox 320 2816 1393 2965; baseline 0.002 -23"><span class='ocrx_word' id='word_1_250' title='bbox 320 2816 441 2942; x_wconf 63' lang='grc' dir='ltr'><strong>81ῐῘΙΙ.</strong></span> <span class='ocrx_word' id='word_1_251' title='bbox 466 2878 597 2953; x_wconf 88' lang='lat' dir='ltr'><strong>Consul,</strong></span> <span class='ocrx_word' id='word_1_252' title='bbox 626 2877 797 2962; x_wconf 91' lang='lat' dir='ltr'><strong>plurimum</strong></span> <span class='ocrx_word' id='word_1_253' title='bbox 825 2892 857 2944; x_wconf 91' lang='lat' dir='ltr'><strong>et</strong></span> <span class='ocrx_word' id='word_1_254' title='bbox 878 2877 1019 2962; x_wconf 87' lang='lat' dir='ltr'><strong>praesidii</strong></span> <span class='ocrx_word' id='word_1_255' title='bbox 1046 2893 1077 2944; x_wconf 88' lang='lat' dir='ltr'><strong>et</strong></span> <span class='ocrx_word' id='word_1_256' title='bbox 1106 2880 1173 2965; x_wconf 87' lang='lat' dir='ltr'><strong>spei</strong></span> <span class='ocrx_word' id='word_1_257' title='bbox 1198 2901 1329 2944; x_wconf 89' lang='lat' dir='ltr'><strong>cernens</strong></span> <span class='ocrx_word' id='word_1_258' title='bbox 1357 2880 1393 2944; x_wconf 91' lang='lat' dir='ltr'><strong>in</strong></span> 
     </span>
     <span class='ocr_line' id='line_1_32' title="bbox 321 2963 1392 3053; baseline 0.001 -23"><span class='ocrx_word' id='word_1_259' title='bbox 321 2964 456 3030; x_wconf 88' lang='lat' dir='ltr'><strong>stultitia</strong></span> <span class='ocrx_word' id='word_1_260' title='bbox 472 2980 503 3029; x_wconf 90' lang='lat' dir='ltr'><strong>et</strong></span> <span class='ocrx_word' id='word_1_261' title='bbox 517 2964 648 3052; x_wconf 82' lang='lat' dir='ltr'><strong>segnitie</strong></span> <span class='ocrx_word' id='word_1_262' title='bbox 668 2963 776 3041; x_wconf 91' lang='lat' dir='ltr'><strong>hostis,</strong></span> <span class='ocrx_word' id='word_1_263' title='bbox 793 2964 923 3028; x_wconf 90' lang='lat' dir='ltr'><strong>remisso</strong></span> <span class='ocrx_word' id='word_1_264' title='bbox 938 2963 1057 3029; x_wconf 88' lang='lat' dir='ltr'><strong>nuncio</strong></span> <span class='ocrx_word' id='word_1_265' title='bbox 1072 2965 1113 3030; x_wconf 90' lang='lat' dir='ltr'><strong>ad</strong></span> <span class='ocrx_word' id='word_1_266' title='bbox 1130 2968 1185 3053; x_wconf 85' lang='lat' dir='ltr'><strong>sp.</strong></span> <span class='ocrx_word' id='word_1_267' title='bbox 1203 2965 1392 3033; x_wconf 88' lang='lat' dir='ltr'><strong>Lucretium</strong></span> 
     </span>
     <span class='ocr_line' id='line_1_33' title="bbox 322 3050 1393 3140; baseline 0.001 -22"><span class='ocrx_word' id='word_1_268' title='bbox 322 3052 492 3130; x_wconf 80' lang='lat' dir='ltr'><strong>Larissam,</strong></span> <span class='ocrx_word' id='word_1_269' title='bbox 511 3067 545 3116; x_wconf 91' lang='lat' dir='ltr'><strong>ut</strong></span> <span class='ocrx_word' id='word_1_270' title='bbox 561 3051 698 3129; x_wconf 89' lang='lat' dir='ltr'><strong>castella,</strong></span> <span class='ocrx_word' id='word_1_271' title='bbox 715 3052 824 3116; x_wconf 89' lang='lat' dir='ltr'><strong>relicta</strong></span> <span class='ocrx_word' id='word_1_272' title='bbox 839 3052 880 3115; x_wconf 87' lang='lat' dir='ltr'><strong>ab</strong></span> <span class='ocrx_word' id='word_1_273' title='bbox 898 3050 1001 3130; x_wconf 85' lang='lat' dir='ltr'><strong>hoste,</strong></span> <span class='ocrx_word' id='word_1_274' title='bbox 1017 3053 1101 3117; x_wconf 81' lang='lat' dir='ltr'><strong>circa</strong></span> <span class='ocrx_word' id='word_1_275' title='bbox 1117 3051 1239 3137; x_wconf 89' lang='lat' dir='ltr'><strong>Tempe</strong></span> <span class='ocrx_word' id='word_1_276' title='bbox 1254 3073 1393 3140; x_wconf 89' lang='lat' dir='ltr'><strong>occupa-</strong></span> 
     </span>
     <span class='ocr_line' id='line_1_34' title="bbox 318 3137 1392 3223; baseline 0.002 -21"><span class='ocrx_word' id='word_1_277' title='bbox 318 3151 382 3218; x_wconf 80' lang='lat' dir='ltr'><strong>ret,</strong></span> <span class='ocrx_word' id='word_1_278' title='bbox 397 3140 562 3223; x_wconf 86' lang='lat' dir='ltr'><strong>praemisso</strong></span> <span class='ocrx_word' id='word_1_279' title='bbox 580 3138 718 3223; x_wconf 90' lang='lat' dir='ltr'><strong>Popillio</strong></span> <span class='ocrx_word' id='word_1_280' title='bbox 733 3137 774 3203; x_wconf 86' lang='lat' dir='ltr'><strong>ad</strong></span> <span class='ocrx_word' id='word_1_281' title='bbox 789 3138 1003 3223; x_wconf 71' lang='lat' dir='ltr'><strong>explorandos</strong></span> <span class='ocrx_word' id='word_1_282' title='bbox 1016 3140 1166 3204; x_wconf 86' lang='lat' dir='ltr'><strong>transitus</strong></span> <span class='ocrx_word' id='word_1_283' title='bbox 1181 3141 1267 3205; x_wconf 87' lang='lat' dir='ltr'><strong>circa</strong></span> <span class='ocrx_word' id='word_1_284' title='bbox 1278 3139 1392 3220; x_wconf 87' lang='lat' dir='ltr'><strong>Dium,</strong></span> 
     </span>
     <span class='ocr_line' id='line_1_35' title="bbox 322 3226 1393 3312; baseline 0.004 -22"><span class='ocrx_word' id='word_1_285' title='bbox 322 3241 491 3312; x_wconf 88' lang='lat' dir='ltr'><strong>postquam</strong></span> <span class='ocrx_word' id='word_1_286' title='bbox 516 3237 628 3310; x_wconf 87' lang='lat' dir='ltr'><strong>patere</strong></span> <span class='ocrx_word' id='word_1_287' title='bbox 650 3227 757 3290; x_wconf 88' lang='lat' dir='ltr'><strong>omnia</strong></span> <span class='ocrx_word' id='word_1_288' title='bbox 780 3227 812 3289; x_wconf 94' lang='lat' dir='ltr'><strong>in</strong></span> <span class='ocrx_word' id='word_1_289' title='bbox 834 3247 943 3290; x_wconf 90' lang='lat' dir='ltr'><strong>omnes</strong></span> <span class='ocrx_word' id='word_1_290' title='bbox 968 3239 1073 3312; x_wconf 86' lang='lat' dir='ltr'><strong>partes</strong></span> <span class='ocrx_word' id='word_1_291' title='bbox 1092 3226 1327 3308; x_wconf 78' lang='lat' dir='ltr'><strong>animadvertit,</strong></span> <span class='ocrx_word' id='word_1_292' title='bbox 1343 3252 1393 3294; x_wconf 89' lang='lat' dir='ltr'><strong>se-</strong></span> 
     </span>
    </p>
   </div>
   <div class='ocr_carea' id='block_1_3' title="bbox 246 3435 1397 4472">
    <p class='ocr_par' dir='ltr' id='par_1_8' title="bbox 246 3435 1397 4472">
     <span class='ocr_line' id='line_1_36' title="bbox 305 3435 1397 3500; baseline -0.004 -12"><span class='ocrx_word' id='word_1_293' title='bbox 305 3463 308 3474; x_wconf 88' lang='lat'><strong>·</strong></span> <span class='ocrx_word' id='word_1_294' title='bbox 354 3439 385 3488; x_wconf 70' lang='lat'><strong>8⁶</strong></span> <span class='ocrx_word' id='word_1_295' title='bbox 399 3437 492 3486; x_wconf 83' lang='lat' dir='ltr'><strong>Proeter</strong></span> <span class='ocrx_word' id='word_1_296' title='bbox 505 3438 638 3500; x_wconf 73' lang='lat' dir='ltr'><strong>angustiae]</strong></span> <span class='ocrx_word' id='word_1_297' title='bbox 671 3438 838 3497; x_wconf 72' lang='lat' dir='ltr'><strong>Praeterquam</strong></span> <span class='ocrx_word' id='word_1_298' title='bbox 872 3448 959 3495; x_wconf 89' lang='lat' dir='ltr'><strong>nempe</strong></span> <span class='ocrx_word' id='word_1_299' title='bbox 970 3435 1159 3496; x_wconf 68' lang='lat' dir='ltr'><strong>praesidiumue</strong></span> <span class='ocrx_word' id='word_1_300' title='bbox 1171 3437 1295 3498; x_wconf 67' lang='lat' dir='ltr'><strong>costaque.</strong></span> <span class='ocrx_word' id='word_1_301' title='bbox 1330 3437 1397 3484; x_wconf 77' lang='lat' dir='ltr'><strong>Cae-</strong></span> 
     </span>
     <span class='ocr_line' id='line_1_37' title="bbox 321 3501 1395 3566; baseline -0.004 -14"><span class='ocrx_word' id='word_1_302' title='bbox 321 3505 387 3566; x_wconf 90' lang='lat' dir='ltr'><strong>quod</strong></span> <span class='ocrx_word' id='word_1_303' title='bbox 398 3510 501 3562; x_wconf 80' lang='lat' dir='ltr'><strong>angusta</strong></span> <span class='ocrx_word' id='word_1_304' title='bbox 512 3504 552 3551; x_wconf 86' lang='lat' dir='ltr'><strong>via</strong></span> <span class='ocrx_word' id='word_1_305' title='bbox 562 3509 599 3549; x_wconf 88' lang='lat' dir='ltr'><strong>est</strong></span> <span class='ocrx_word' id='word_1_306' title='bbox 611 3515 655 3562; x_wconf 88' lang='lat' dir='ltr'><strong>per</strong></span> <span class='ocrx_word' id='word_1_307' title='bbox 665 3505 773 3562; x_wconf 90' lang='lat' dir='ltr'><strong>quinque</strong></span> <span class='ocrx_word' id='word_1_308' title='bbox 783 3503 839 3548; x_wconf 89' lang='lat' dir='ltr'><strong>mil·</strong></span> <span class='ocrx_word' id='word_1_309' title='bbox 872 3502 924 3548; x_wconf 79' lang='lat' dir='ltr'><strong>tello</strong></span> <span class='ocrx_word' id='word_1_310' title='bbox 941 3501 1049 3562; x_wconf 80' lang='lat' dir='ltr'><strong>intellige</strong></span> <span class='ocrx_word' id='word_1_311' title='bbox 1059 3515 1112 3548; x_wconf 76' lang='lat' dir='ltr'><strong>mem</strong></span> <span class='ocrx_word' id='word_1_312' title='bbox 1131 3502 1229 3558; x_wconf 66' lang='lat' dir='ltr'><strong>amnuo,</strong></span> <span class='ocrx_word' id='word_1_313' title='bbox 1244 3505 1283 3550; x_wconf 86' lang='lat' dir='ltr'><strong>vel</strong></span> <span class='ocrx_word' id='word_1_314' title='bbox 1300 3503 1327 3549; x_wconf 80' lang='lat' dir='ltr'><strong>ist</strong></span> <span class='ocrx_word' id='word_1_315' title='bbox 1344 3517 1395 3549; x_wconf 79' lang='lat' dir='ltr'><strong>cue·</strong></span> 
     </span>
     <span class='ocr_line' id='line_1_38' title="bbox 304 3563 932 3630; baseline -0.01 -11"><span class='ocrx_word' id='word_1_316' title='bbox 304 3567 363 3624; x_wconf 88' lang='lat' dir='ltr'><strong>·iia‚</strong></span> <span class='ocrx_word' id='word_1_317' title='bbox 374 3571 434 3618; x_wconf 84' lang='lat' dir='ltr'><strong>adeo</strong></span> <span class='ocrx_word' id='word_1_318' title='bbox 451 3575 479 3614; x_wconf 91' lang='lat' dir='ltr'><strong>ut</strong></span> <span class='ocrx_word' id='word_1_319' title='bbox 494 3570 611 3630; x_wconf 80' lang='lat' dir='ltr'><strong>exiguum</strong></span> <span class='ocrx_word' id='word_1_320' title='bbox 626 3574 715 3614; x_wconf 80' lang='lat' dir='ltr'><strong>onusto</strong></span> <span class='ocrx_word' id='word_1_321' title='bbox 727 3563 840 3628; x_wconf 86' lang='lat' dir='ltr'><strong>jumento</strong></span> <span class='ocrx_word' id='word_1_322' title='bbox 873 3565 932 3613; x_wconf 77' lang='lat' dir='ltr'><strong>tello.</strong></span> 
     </span>
     <span class='ocr_line' id='line_1_39' title="bbox 306 3625 1393 3694; baseline -0.002 -14"><span class='ocrx_word' id='word_1_323' title='bbox 306 3666 309 3674; x_wconf 80' lang='grc'>.</span> <span class='ocrx_word' id='word_1_324' title='bbox 320 3635 420 3689; x_wconf 71' lang='lat' dir='ltr'><strong>iterati,</strong></span> <span class='ocrx_word' id='word_1_325' title='bbox 432 3634 556 3693; x_wconf 85' lang='lat' dir='ltr'><strong>utrimque</strong></span> <span class='ocrx_word' id='word_1_326' title='bbox 567 3664 574 3678; x_wconf 87' lang='lat'>.</span> <span class='ocrx_word' id='word_1_327' title='bbox 586 3663 593 3678; x_wconf 87' lang='lat'><strong>.</strong></span> <span class='ocrx_word' id='word_1_328' title='bbox 606 3665 613 3678; x_wconf 91' lang='lat'>.</span> <span class='ocrx_word' id='word_1_329' title='bbox 625 3633 716 3678; x_wconf 84' lang='lat' dir='ltr'><strong>Parum</strong></span> <span class='ocrx_word' id='word_1_330' title='bbox 727 3632 840 3678; x_wconf 87' lang='lat' dir='ltr'><strong>videntur</strong></span> <span class='ocrx_word' id='word_1_331' title='bbox 904 3631 937 3678; x_wconf 85' lang='grc'><strong>39</strong></span> <span class='ocrx_word' id='word_1_332' title='bbox 954 3629 1022 3686; x_wconf 76' lang='lat' dir='ltr'><strong>erod</strong></span> <span class='ocrx_word' id='word_1_333' title='bbox 1032 3634 1060 3678; x_wconf 80' lang='lat' dir='ltr'><strong>ut</strong></span> <span class='ocrx_word' id='word_1_334' title='bbox 1065 3625 1298 3694; x_wconf 67' lang='lat' dir='ltr'><strong>surtoflfilierant]</strong></span> <span class='ocrx_word' id='word_1_335' title='bbox 1318 3630 1393 3685; x_wconf 86' lang='lat' dir='ltr'><strong>Quod</strong></span> 
     </span>
     <span class='ocr_line' id='line_1_40' title="bbox 316 3695 1395 3756; baseline -0.003 -10"><span class='ocrx_word' id='word_1_336' title='bbox 316 3700 450 3746; x_wconf 82' lang='lat' dir='ltr'><strong>convenire</strong></span> <span class='ocrx_word' id='word_1_337' title='bbox 472 3699 529 3745; x_wconf 90' lang='lat' dir='ltr'><strong>huic</strong></span> <span class='ocrx_word' id='word_1_338' title='bbox 550 3696 706 3756; x_wconf 83' lang='lat' dir='ltr'><strong>descriptioni</strong></span> <span class='ocrx_word' id='word_1_339' title='bbox 731 3709 761 3742; x_wconf 88' lang='lat' dir='ltr'><strong>ea</strong></span> <span class='ocrx_word' id='word_1_340' title='bbox 783 3709 839 3756; x_wconf 75' lang='lat' dir='ltr'><strong>quae</strong></span> <span class='ocrx_word' id='word_1_341' title='bbox 872 3702 900 3741; x_wconf 91' lang='lat' dir='ltr'><strong>ut</strong></span> <span class='ocrx_word' id='word_1_342' title='bbox 910 3697 1018 3742; x_wconf 85' lang='lat' dir='ltr'><strong>fecerant</strong></span> <span class='ocrx_word' id='word_1_343' title='bbox 1033 3696 1147 3743; x_wconf 78' lang='lat' dir='ltr'><strong>fallentes</strong></span> <span class='ocrx_word' id='word_1_344' title='bbox 1163 3696 1229 3742; x_wconf 81' lang='lat' dir='ltr'><strong>furto</strong></span> <span class='ocrx_word' id='word_1_345' title='bbox 1240 3695 1326 3742; x_wconf 79' lang='lat' dir='ltr'><strong>Persea</strong></span> <span class='ocrx_word' id='word_1_346' title='bbox 1338 3695 1395 3743; x_wconf 79' lang='lat' dir='ltr'><strong>Ms-</strong></span> 
     </span>
     <span class='ocr_line' id='line_1_41' title="bbox 320 3760 1394 3822; baseline -0.004 -12"><span class='ocrx_word' id='word_1_347' title='bbox 320 3765 415 3812; x_wconf 83' lang='lat' dir='ltr'><strong>Plinius</strong></span> <span class='ocrx_word' id='word_1_348' title='bbox 425 3765 442 3808; x_wconf 94' lang='lat' dir='ltr'><strong>l.</strong></span> <span class='ocrx_word' id='word_1_349' title='bbox 455 3765 499 3810; x_wconf 91' lang='lat' dir='ltr'><strong>IV.</strong></span> <span class='ocrx_word' id='word_1_350' title='bbox 509 3776 530 3808; x_wconf 93' lang='lat' dir='ltr'><strong>c.</strong></span> <span class='ocrx_word' id='word_1_351' title='bbox 545 3761 568 3808; x_wconf 83' lang='lat'><strong>8.</strong></span> <span class='ocrx_word' id='word_1_352' title='bbox 585 3762 616 3808; x_wconf 90' lang='lat' dir='ltr'><strong>de</strong></span> <span class='ocrx_word' id='word_1_353' title='bbox 631 3763 717 3807; x_wconf 88' lang='lat' dir='ltr'><strong>eodem</strong></span> <span class='ocrx_word' id='word_1_354' title='bbox 728 3761 781 3808; x_wconf 90' lang='lat' dir='ltr'><strong>ioco</strong></span> <span class='ocrx_word' id='word_1_355' title='bbox 797 3762 840 3806; x_wconf 85' lang='lat' dir='ltr'><strong>ha·</strong></span> <span class='ocrx_word' id='word_1_356' title='bbox 871 3761 1031 3822; x_wconf 75' lang='lat' dir='ltr'><strong>cedentesque,</strong></span> <span class='ocrx_word' id='word_1_357' title='bbox 1048 3761 1083 3806; x_wconf 90' lang='lat' dir='ltr'><strong>ita</strong></span> <span class='ocrx_word' id='word_1_358' title='bbox 1101 3761 1226 3821; x_wconf 83' lang='lat' dir='ltr'><strong>propalam</strong></span> <span class='ocrx_word' id='word_1_359' title='bbox 1243 3760 1322 3807; x_wconf 82' lang='lat' dir='ltr'><strong>fecere</strong></span> <span class='ocrx_word' id='word_1_360' title='bbox 1343 3773 1394 3806; x_wconf 90' lang='lat' dir='ltr'><strong>non</strong></span> 
     </span>
     <span class='ocr_line' id='line_1_42' title="bbox 303 3825 1395 3888; baseline -0.005 -12"><span class='ocrx_word' id='word_1_361' title='bbox 303 3831 368 3876; x_wconf 46' lang='lat' dir='ltr'><strong>obet.</strong></span> <span class='ocrx_word' id='word_1_362' title='bbox 406 3829 500 3888; x_wconf 79' lang='lat' dir='ltr'><strong>Tempe,</strong></span> <span class='ocrx_word' id='word_1_363' title='bbox 516 3827 606 3887; x_wconf 88' lang='lat' dir='ltr'><strong>inquit,</strong></span> <span class='ocrx_word' id='word_1_364' title='bbox 622 3827 722 3886; x_wconf 78' lang='lat' dir='ltr'><strong>quinque</strong></span> <span class='ocrx_word' id='word_1_365' title='bbox 737 3825 839 3871; x_wconf 77' lang='lat' dir='ltr'><strong>millium</strong></span> <span class='ocrx_word' id='word_1_366' title='bbox 871 3831 993 3884; x_wconf 87' lang='lat' dir='ltr'><strong>poterant,</strong></span> <span class='ocrx_word' id='word_1_367' title='bbox 1010 3827 1032 3872; x_wconf 88' lang='lat' dir='ltr'><strong>si</strong></span> <span class='ocrx_word' id='word_1_368' title='bbox 1047 3827 1183 3872; x_wconf 85' lang='lat' dir='ltr'><strong>tenuissent</strong></span> <span class='ocrx_word' id='word_1_369' title='bbox 1201 3837 1320 3872; x_wconf 86' lang='lat' dir='ltr'><strong>cacumen</strong></span> <span class='ocrx_word' id='word_1_370' title='bbox 1336 3825 1395 3871; x_wconf 81' lang='lat' dir='ltr'><strong>hoe-</strong></span> 
     </span>
     <span class='ocr_line' id='line_1_43' title="bbox 314 3889 1394 3954; baseline -0.005 -13"><span class='ocrx_word' id='word_1_371' title='bbox 314 3908 429 3954; x_wconf 80' lang='lat' dir='ltr'><strong>parraum</strong></span> <span class='ocrx_word' id='word_1_372' title='bbox 446 3891 599 3954; x_wconf 73' lang='lat' dir='ltr'><strong>largitudine,</strong></span> <span class='ocrx_word' id='word_1_373' title='bbox 617 3893 639 3936; x_wconf 81' lang='lat' dir='ltr'><strong>ei</strong></span> <span class='ocrx_word' id='word_1_374' title='bbox 652 3889 733 3952; x_wconf 76' lang='lat' dir='ltr'><strong>serene</strong></span> <span class='ocrx_word' id='word_1_375' title='bbox 750 3891 837 3950; x_wconf 79' lang='lat' dir='ltr'><strong>sesqui-</strong></span> <span class='ocrx_word' id='word_1_376' title='bbox 870 3895 915 3936; x_wconf 89' lang='lat' dir='ltr'><strong>tes.</strong></span> <span class='ocrx_word' id='word_1_377' title='bbox 956 3891 1177 3937; x_wconf 81' lang='lat' dir='ltr'><strong>Transscenderant</strong></span> <span class='ocrx_word' id='word_1_378' title='bbox 1205 3890 1303 3950; x_wconf 84' lang='lat' dir='ltr'><strong>quidem</strong></span> <span class='ocrx_word' id='word_1_379' title='bbox 1336 3889 1394 3936; x_wconf 84' lang='lat' dir='ltr'><strong>iilos</strong></span> 
     </span>
     <span class='ocr_line' id='line_1_44' title="bbox 312 3955 1394 4022; baseline -0.005 -17"><span class='ocrx_word' id='word_1_380' title='bbox 312 3961 396 4022; x_wconf 72' lang='lat' dir='ltr'><strong>jugeri</strong></span> <span class='ocrx_word' id='word_1_381' title='bbox 412 3957 544 4012; x_wconf 79' lang='lat' dir='ltr'><strong>latitudine,</strong></span> <span class='ocrx_word' id='word_1_382' title='bbox 563 3955 627 4001; x_wconf 66' lang='lat' dir='ltr'><strong>salira</strong></span> <span class='ocrx_word' id='word_1_383' title='bbox 643 3956 719 4000; x_wconf 55' lang='lat' dir='ltr'><strong>mam</strong></span> <span class='ocrx_word' id='word_1_384' title='bbox 737 3955 838 4002; x_wconf 77' lang='lat' dir='ltr'><strong>hominis</strong></span> <span class='ocrx_word' id='word_1_385' title='bbox 870 3956 957 4014; x_wconf 82' lang='lat' dir='ltr'><strong>saltus,</strong></span> <span class='ocrx_word' id='word_1_386' title='bbox 978 3956 1039 4017; x_wconf 81' lang='lat' dir='ltr'><strong>quia</strong></span> <span class='ocrx_word' id='word_1_387' title='bbox 1057 3955 1193 4003; x_wconf 80' lang='lat' dir='ltr'><strong>fefellerant</strong></span> <span class='ocrx_word' id='word_1_388' title='bbox 1219 3955 1332 4001; x_wconf 78' lang='lat' dir='ltr'><strong>hortem:</strong></span> <span class='ocrx_word' id='word_1_389' title='bbox 1366 3959 1394 4001; x_wconf 80' lang='lat' dir='ltr'><strong>et</strong></span> 
     </span>
     <span class='ocr_line' id='line_1_45' title="bbox 302 4019 1393 4082; baseline -0.005 -12"><span class='ocrx_word' id='word_1_390' title='bbox 302 4023 473 4070; x_wconf 76' lang='lat' dir='ltr'><strong>-attolleats&#39;hm</strong></span> <span class='ocrx_word' id='word_1_391' title='bbox 492 4037 516 4069; x_wconf 79' lang='lat' dir='ltr'><strong>ee</strong></span> <span class='ocrx_word' id='word_1_392' title='bbox 533 4021 616 4068; x_wconf 61' lang='lat' dir='ltr'><strong>&amp;rire</strong></span> <span class='ocrx_word' id='word_1_393' title='bbox 633 4020 736 4082; x_wconf 82' lang='lat' dir='ltr'><strong>laeoaque</strong></span> <span class='ocrx_word' id='word_1_394' title='bbox 756 4021 838 4068; x_wconf 78' lang='lat' dir='ltr'><strong>leniter</strong></span> <span class='ocrx_word' id='word_1_395' title='bbox 870 4020 936 4066; x_wconf 86' lang='lat' dir='ltr'><strong>idem</strong></span> <span class='ocrx_word' id='word_1_396' title='bbox 958 4021 1037 4068; x_wconf 77' lang='lat' dir='ltr'><strong>facere</strong></span> <span class='ocrx_word' id='word_1_397' title='bbox 1059 4032 1107 4065; x_wconf 90' lang='lat' dir='ltr'><strong>non</strong></span> <span class='ocrx_word' id='word_1_398' title='bbox 1129 4025 1242 4079; x_wconf 83' lang='lat' dir='ltr'><strong>poterant</strong></span> <span class='ocrx_word' id='word_1_399' title='bbox 1262 4019 1345 4078; x_wconf 78' lang='lat' dir='ltr'><strong>palam</strong></span> <span class='ocrx_word' id='word_1_400' title='bbox 1359 4025 1393 4066; x_wconf 69' lang='lat' dir='ltr'><strong>,et</strong></span> 
     </span>
     <span class='ocr_line' id='line_1_46' title="bbox 318 4084 1265 4149; baseline -0.002 -15"><span class='ocrx_word' id='word_1_401' title='bbox 318 4089 506 4149; x_wconf 72' lang='lat' dir='ltr'><strong>mnveatsjugs&#39;s</strong></span> <span class='ocrx_word' id='word_1_402' title='bbox 870 4092 953 4144; x_wconf 84' lang='lat' dir='ltr'><strong>aperta</strong></span> <span class='ocrx_word' id='word_1_403' title='bbox 964 4087 997 4142; x_wconf 90' lang='lat' dir='ltr'><strong>vi,</strong></span> <span class='ocrx_word' id='word_1_404' title='bbox 1007 4084 1265 4144; x_wconf 77' lang='lat' dir='ltr'><strong>sihostisqbstitiseet</strong></span> 
     </span>
     <span class='ocr_line' id='line_1_47' title="bbox 305 4146 1394 4214; baseline -0.006 -16"><span class='ocrx_word' id='word_1_405' title='bbox 305 4171 309 4178; x_wconf 93' lang='lat'><em>·</em></span> <span class='ocrx_word' id='word_1_406' title='bbox 352 4151 384 4200; x_wconf 75' lang='lat' dir='ltr'><strong>at</strong></span> <span class='ocrx_word' id='word_1_407' title='bbox 400 4150 613 4214; x_wconf 70' lang='lat' dir='ltr'><strong>Praesuturegts]</strong></span> <span class='ocrx_word' id='word_1_408' title='bbox 631 4151 764 4199; x_wconf 85' lang='lat' dir='ltr'><strong>Maiiemus</strong></span> <span class='ocrx_word' id='word_1_409' title='bbox 779 4164 838 4199; x_wconf 86' lang='lat' dir='ltr'><strong>cum</strong></span> <span class='ocrx_word' id='word_1_410' title='bbox 900 4147 935 4196; x_wconf 79' lang='grc'><strong>40</strong></span> <span class='ocrx_word' id='word_1_411' title='bbox 950 4150 1049 4197; x_wconf 73' lang='lat' dir='ltr'><strong>Partem</strong></span> <span class='ocrx_word' id='word_1_412' title='bbox 1062 4148 1182 4212; x_wconf 69' lang='lat' dir='ltr'><strong>planitia]</strong></span> <span class='ocrx_word' id='word_1_413' title='bbox 1197 4147 1329 4194; x_wconf 74' lang='lat' dir='ltr'><strong>Revocavit</strong></span> <span class='ocrx_word' id='word_1_414' title='bbox 1341 4146 1394 4206; x_wconf 88' lang='lat' dir='ltr'><strong>pri-</strong></span> 
     </span>
     <span class='ocr_line' id='line_1_48' title="bbox 246 4211 1393 4278; baseline -0.008 -13"><span class='ocrx_word' id='word_1_415' title='bbox 246 4227 248 4234; x_wconf 80' lang='grc'><em>’</em></span> <span class='ocrx_word' id='word_1_416' title='bbox 307 4217 443 4264; x_wconf 55' lang='grc' dir='ltr'>Ὀποιιονὶο</span> <span class='ocrx_word' id='word_1_417' title='bbox 462 4218 541 4278; x_wconf 77' lang='lat' dir='ltr'><strong>regiis.</strong></span> <span class='ocrx_word' id='word_1_418' title='bbox 570 4215 609 4264; x_wconf 86' lang='lat' dir='ltr'><strong>Sic</strong></span> <span class='ocrx_word' id='word_1_419' title='bbox 627 4216 694 4264; x_wconf 90' lang='lat' dir='ltr'><strong>enim</strong></span> <span class='ocrx_word' id='word_1_420' title='bbox 716 4217 777 4263; x_wconf 84' lang='lat' dir='ltr'><strong>solet</strong></span> <span class='ocrx_word' id='word_1_421' title='bbox 796 4216 837 4262; x_wconf 89' lang='lat' dir='ltr'><strong>Li·</strong></span> <span class='ocrx_word' id='word_1_422' title='bbox 870 4228 919 4270; x_wconf 70' lang='grc' dir='ltr'><strong>τηε</strong></span> <span class='ocrx_word' id='word_1_423' title='bbox 941 4216 1059 4263; x_wconf 84' lang='lat' dir='ltr'><strong>editiones</strong></span> <span class='ocrx_word' id='word_1_424' title='bbox 1078 4215 1224 4274; x_wconf 81' lang='lat' dir='ltr'><strong>scripturam</strong></span> <span class='ocrx_word' id='word_1_425' title='bbox 1245 4211 1393 4260; x_wconf 83' lang='lat' dir='ltr'><strong>Gronovius.</strong></span> 
     </span>
     <span class='ocr_line' id='line_1_49' title="bbox 301 4277 1250 4340; baseline -0.004 -12"><span class='ocrx_word' id='word_1_426' title='bbox 301 4283 380 4328; x_wconf 57' lang='lat' dir='ltr'><strong>*vina</strong></span> <span class='ocrx_word' id='word_1_427' title='bbox 437 4293 439 4300; x_wconf 65' lang='lat'><strong><em>⁴</em></strong></span> <span class='ocrx_word' id='word_1_428' title='bbox 471 4331 472 4338; x_wconf 39' lang='lat'><strong>,</strong></span> <span class='ocrx_word' id='word_1_429' title='bbox 869 4280 984 4340; x_wconf 71' lang='lat' dir='ltr'><strong>uulgata</strong></span> <span class='ocrx_word' id='word_1_430' title='bbox 995 4281 1086 4326; x_wconf 85' lang='lat' dir='ltr'><strong>habent</strong></span> <span class='ocrx_word' id='word_1_431' title='bbox 1093 4277 1210 4338; x_wconf 76' lang='lat' dir='ltr'><strong>planitiei.</strong></span> <span class='ocrx_word' id='word_1_432' title='bbox 1248 4319 1250 4324; x_wconf 86' lang='lat'><em>.</em></span> 
     </span>
     <span class='ocr_line' id='line_1_50' title="bbox 301 4339 1391 4408; baseline -0.006 -14"><span class='ocrx_word' id='word_1_433' title='bbox 301 4381 306 4386; x_wconf 89' lang='lat'>-</span> <span class='ocrx_word' id='word_1_434' title='bbox 349 4346 383 4394; x_wconf 81' lang='lat'><strong>88</strong></span> <span class='ocrx_word' id='word_1_435' title='bbox 398 4346 508 4394; x_wconf 77' lang='lat' dir='ltr'><strong>Alterum</strong></span> <span class='ocrx_word' id='word_1_436' title='bbox 525 4346 657 4408; x_wconf 73' lang='lat' dir='ltr'><strong>Condylon]</strong></span> <span class='ocrx_word' id='word_1_437' title='bbox 691 4347 761 4393; x_wconf 88' lang='lat' dir='ltr'><strong>Idem</strong></span> <span class='ocrx_word' id='word_1_438' title='bbox 777 4345 838 4391; x_wconf 87' lang='lat' dir='ltr'><strong>Gro-</strong></span> <span class='ocrx_word' id='word_1_439' title='bbox 902 4344 933 4391; x_wconf 81' lang='lat'><strong>41</strong></span> <span class='ocrx_word' id='word_1_440' title='bbox 951 4343 1056 4392; x_wconf 79' lang='lat' dir='ltr'><strong>Nudctie</strong></span> <span class='ocrx_word' id='word_1_441' title='bbox 1071 4343 1175 4390; x_wconf 76' lang='lat' dir='ltr'><strong>mutilus</strong></span> <span class='ocrx_word' id='word_1_442' title='bbox 1186 4339 1320 4405; x_wconf 65' lang='lat' dir='ltr'><strong>prestitis]</strong></span> <span class='ocrx_word' id='word_1_443' title='bbox 1336 4341 1391 4388; x_wconf 85' lang='lat' dir='ltr'><strong>Nu·</strong></span> 
     </span>
     <span class='ocr_line' id='line_1_51' title="bbox 317 4405 1260 4472; baseline -0.004 -16"><span class='ocrx_word' id='word_1_444' title='bbox 317 4412 404 4458; x_wconf 84' lang='lat' dir='ltr'><strong>novius</strong></span> <span class='ocrx_word' id='word_1_445' title='bbox 425 4411 555 4472; x_wconf 78' lang='lat' dir='ltr'><strong>legendum</strong></span> <span class='ocrx_word' id='word_1_446' title='bbox 583 4411 706 4468; x_wconf 77' lang='lat' dir='ltr'><strong>existimat</strong></span> <span class='ocrx_word' id='word_1_447' title='bbox 729 4411 836 4466; x_wconf 73' lang='lat' dir='ltr'><strong>alienam,</strong></span> <span class='ocrx_word' id='word_1_448' title='bbox 870 4408 1180 4470; x_wconf 78' lang='lat' dir='ltr'><strong>datispraesidioomnibus</strong></span> <span class='ocrx_word' id='word_1_449' title='bbox 1195 4405 1260 4455; x_wconf 83' lang='lat' dir='ltr'><strong>locis.</strong></span> 
     </span>
    </p>
   </div>
   <div class='ocr_carea' id='block_1_4' title="bbox 0 0 1564 4984">
    <p class='ocr_par' dir='ltr' id='par_1_9' title="bbox 0 0 1564 4984">
     <span class='ocr_line' id='line_1_52' title="bbox 0 0 1564 4984; baseline 0 3"><span class='ocrx_word' id='word_1_450' title='bbox 0 0 1564 4984; x_wconf 95' lang='lat' dir='ltr'><strong> </strong></span> 
     </span>
    </p>
   </div>
  </div>
 </body>
</html>
