3154 4984
483 195 576 255 LIB.
599 191 714 252 XLIV.
741 196 843 257 cAP.
867 197 980 256 XLVI.
1208 197 1264 266 167
1319 191 1322 196 ’
1373 234 1377 242 ·

190 371 260 426 toto
281 361 424 426 exercitu
446 360 500 425 die
521 360 621 424 altero
643 360 765 427 Pellam
790 361 954 444 pervenit:
977 369 1019 436 et,
1035 382 1134 447 quum
1160 375 1263 428 castre
1272 376 1301 422 u.
1314 375 1342 424 c.
1353 375 1410 426 tet

190 446 278 514 mille
291 468 402 531 passus
416 447 492 513 inde
512 447 680 532 posuisset,
696 469 754 533 per
775 447 896 534 aliquot
910 446 978 512 dies
1003 445 1049 509 ibi
1070 449 1185 512 stativa
1206 449 1262 513 ha·
1272 441 1341 490 M·
1354 441 1412 490 ¹⁶⁸·

189 532 272 614 buit,
288 535 384 599 situm
400 533 488 599 urbis
501 534 642 620 undique
657 533 848 620 adspiciens3
873 554 968 619 quum
989 555 1054 596 non
1070 535 1138 598 sine
1152 557 1263 600 caussa

189 619 345 685 delectam
362 643 477 686 essere
502 621 563 684 'um
579 621 726 685 advertit.
772 619 841 684 Sita
855 635 902 684 est
916 621 949 683 in
965 619 1097 697 tumulo,
1114 636 1264 710 vergente

189 707 224 771 iu
250 707 449 772 occidentem
499 707 653 772 ibernum.
684 707 818 794 cingunt
839 704 972 791 paludes
998 707 1262 794 inexsuperabilis

191 793 366 859 altitudinis
382 806 491 858 aestate
505 806 538 859 et
558 793 673 871 hieme,
689 802 1007 879 quas'restsgnautes
1021 791 1142 859 faciunt
1162 793 1262 861 lacus.

192 880 233 944 Iu
247 880 317 965 ipsa
335 879 464 965 palude,
474 902 538 968 qua
558 881 706 964 proxima
720 878 793 943 urbi
807 891 863 957 est,
879 877 905 921 ⁴⁷
914 879 1000 943 velut
1014 879 1117 944 insula
1131 883 1261 960 eminet,

189 989 230 1054 ag
254 969 299 1030 eri
323 967 428 1053 operis
453 967 590 1054 ingentis
611 967 765 1052 inposita:
790 964 879 1114 ⁴8pul
894 977 926 1029 et
947 987 1075 1031 murum
1097 968 1261 1046 sustineat,
1329 963 1332 969 ¹

189 1069 221 1118 et
265 1076 377 1120 umore
391 1051 592 1118 circumfusae
610 1053 738 1139 paludis
758 1051 826 1116 nihi
860 1050 1007 1116 laedatur.
1053 1052 1153 1117 Muro
1174 1056 1263 1120 urbis

189 1142 361 1226 conjuncta
383 1139 498 1225 procul
520 1139 653 1204 ridetur.
674 1139 775 1204 divisa
797 1150 843 1202 est
862 1139 888 1178 ⁴⁹
896 1139 1095 1204 intermurali
1115 1143 1214 1219 amni,
1230 1157 1262 1208 et

189 1227 302 1293 eadem
317 1239 416 1313 poute
434 1227 562 1312 juncta:
588 1241 623 1292 ut
638 1248 708 1305 nee,
724 1227 930 1312 obpugnante
943 1239 1089 1308 externo,
1104 1225 1260 1293 ⁵⁰aditum

188 1314 231 1379 ab
245 1313 311 1378 ulla
324 1326 416 1399 purte
436 1313 576 1389 hebeat3
596 1335 667 1394 nec,
682 1315 708 1378 si
730 1334 825 1400 quem
847 1311 893 1376 ibi
913 1333 971 1376 rex
985 1312 1142 1396 includat,
1159 1314 1260 1383 ullum

188 1399 251 1464 nisi
278 1423 338 1486 per
367 1399 526 1465 fucillimae
555 1400 709 1464 custodiae
740 1411 871 1484 pontem
903 1399 1066 1487 effirgium.
1112 1400 1155 1466 Et
1183 1424 1262 1488 gaza

188 1487 331 1573 regiain
354 1499 393 1552 en'
410 1486 483 1552 loco
504 1497 590 1553 erat:
613 1485 669 1552 sed
690 1498 759 1551 tum
781 1485 862 1549 nihil
886 1498 1003 1570 praeter
1016 1485 1192 1552 ⁵¹treceuta
1213 1502 1261 1553 ta-

187 1573 286 1652 lentu,
307 1597 380 1660 quoe
405 1575 501 1638 missa
525 1573 647 1638 Gentio
667 1573 747 1660 regi,
770 1573 886 1648 deinde
911 1585 1034 1638 retenta
1057 1572 1194 1650 fueraut,
1211 1576 1261 1639 iu·

188 1673 319 1726 ventum
348 1672 407 1726 est.
439 1659 524 1724 'Per
552 1682 632 1746 quos
661 1658 730 1724 dies
757 1658 799 1724 ud
826 1659 949 1724 Pellam
977 1659 1090 1724 stativa
1118 1663 1259 1740 fuerunt,

187 1747 363 1832 legationes
392 1749 582 1834 frequentes,
605 1769 678 1832 quoe
707 1744 749 1809 ad
778 1745 1007 1834 gratulandum
1036 1762 1260 1831 convenerant,

191 1835 331 1899 maxime
345 1856 385 1899 ex
400 1833 578 1912 Thessalia,
594 1833 713 1899 uuditoe
727 1845 809 1920 sunt
843 1833 972 1897 Nuncio
986 1831 1102 1898 deiude
1116 1845 1259 1918 accepto,
1300 1883 1303 1890 .

189 1920 309 1986 Persea
340 1919 583 1986 Samothracam
611 1919 778 2006 trajecisse,
803 1917 962 2003 profectus
985 1943 1006 1984 a
1033 1918 1120 1984 Pella
1149 1922 1261 1987 consul

187 2007 309 2094 quartis
323 2007 434 2072 castris
449 2006 671 2092 Amphipolim
688 2005 843 2092 pervenit.
889 2005 999 2072 Effirsa
1020 2007 1124 2072 omnis
1146 2006 1363 2093 obvialneinde

189 2095 284 2160 turba
298 2093 398 2160 cuivis
413 2092 532 2159 indicio
547 2105 625 2171 erat,
640 2091 667 2132 ⁵²
676 2115 741 2158 non
756 2092 843 2158 bono
857 2115 895 2157 ac
904 2095 992 2180 justo
1007 2116 1082 2178 rege
1096 2092 1191 2158 orbu¹
1268 2079 1403 2195 Qum·

1268 2151 1312 2196 hm

566 2215 585 2253 1
717 2214 736 2252 1
868 2215 888 2252 0
1242 2244 1245 2249 .

503 2299 620 2349 kotvtam
633 2303 704 2349 (trev.
766 2296 813 2347 lul
824 2315 853 2348 ra
863 2303 940 2351 Gron.

220 2416 252 2466 tt
272 2417 340 2464 Velut
350 2417 426 2465 imula
436 2419 531 2482 antaei]
545 2419 634 2466 Inserit
644 2419 705 2464 Gro-
739 2417 880 2477 telligimus
892 2417 935 2478 qui
949 2417 1032 2464 minus
1047 2431 1121 2478 agger
1131 2420 1260 2466 laederetur

186 2482 275 2530 novius
286 2495 372 2530 vocem
381 2495 426 2530 are
435 2484 482 2529 hoe
492 2485 580 2532 modo:
598 2482 659 2530 velut
670 2483 706 2528 in·
739 2482 770 2528 eb
780 2494 853 2541 eque,
864 2495 940 2542 quam
951 2495 1023 2528 mee
1034 2495 1162 2529 murorum
1173 2484 1259 2530 moles.
1283 2513 1285 2520 ·

185 2547 239 2596 aulo
253 2547 339 2594 eminet
354 2546 421 2611 (orn)
432 2549 518 2608 aggeri
533 2549 608 2608 operis
624 2549 707 2609 ingen
739 2545 872 2594 Videretur
887 2547 969 2607 potius
978 2547 1110 2594 dicendum
1120 2561 1207 2609 aggere
1217 2549 1261 2594 illo

184 2614 219 2666 tia
233 2611 356 2674 imposita,
381 2613 464 2674 Atque
480 2613 526 2660 hoc
542 2613 642 2673 quidem
657 2613 707 2660 cla-
739 2617 764 2658 et
775 2611 890 2658 sustineri
905 2625 1015 2667 murum,
1027 2619 1052 2660 et
1063 2611 1160 2660 defendi
1172 2626 1203 2660 ne
1213 2613 1260 2659 hu·

185 2679 238 2726 rius
252 2683 297 2723 ert.
314 2677 455 2724 dubitamus
471 2682 564 2732 tamen,
574 2691 606 2724 an
620 2678 656 2723 ita
666 2679 707 2726 de·
739 2690 807 2724 more
818 2676 974 2725 circumfusae
984 2677 1079 2739 paludis
1090 2677 1198 2724 ledetur.
1221 2678 1262 2724 Ad

185 2741 250 2790 derit
271 2741 364 2788 Livius.
397 2741 482 2788 Insula
503 2739 648 2804 intelligitur
670 2743 708 2788 in·
739 2756 797 2789 eum
817 2753 917 2788 sensum
935 2748 1075 2803 optaremus
1091 2749 1120 2790 ut
1134 2743 1206 2790 facile
1224 2756 1262 2790 re·

184 2807 284 2854 terdum
301 2818 389 2866 eorpus
406 2807 530 2868 quoddam
549 2807 708 2854 aeffifleiorum
740 2807 799 2866 tingi
809 2812 908 2872 possent
918 2805 984 2854 Livii
994 2808 1074 2854 verbe.

184 2873 249 2918 inter
260 2885 286 2917 se
302 2871 488 2930 cohaerentium,
501 2885 516 2918 a
530 2873 630 2932 reliquis
649 2873 708 2920 aedi-
771 2869 804 2919 ts
819 2871 987 2934 intermurali]
1005 2873 1060 2920 Vox
1070 2873 1208 2920 rarissima:
1220 2887 1263 2920 cn-

185 2937 247 2984 lieiis
257 2935 365 2984 divisum
375 2949 419 2997 per
428 2937 493 2984 vicos
500 2938 589 2998 quibus
599 2939 708 2999 undique
736 2934 779 2999 jus
789 2950 876 2984 sensus
886 2950 938 2984 esse
946 2939 1052 2993 videtur,
1063 2938 1128 2985 inter
1138 2939 1262 2998 duplicem

184 3001 300 3062 cingitur.
331 2999 423 3055 Quidni
432 3002 507 3064 igitur
517 3003 564 3050 hoo
573 3003 624 3049 fere
634 3015 708 3050 sensu
740 3015 840 3049 murum
857 3003 957 3058 fluente,
968 3016 1070 3050 murum
1087 3003 1153 3050 urbis
1163 3010 1188 3050 et
1204 3017 1260 3051 mu-

186 3072 270 3112 noster
288 3065 331 3113 hie
349 3066 451 3114 tamtam
472 3069 613 3126 sumpserit,
630 3081 708 3126 quum
739 3080 796 3113 rum
807 3067 878 3115 arcis.

184 3130 322 3190 praesertim
332 3132 418 3180 doceat
434 3144 460 3178 ee
470 3133 501 3178 de
514 3131 616 3178 aedilicio
630 3131 707 3192 loqui,
773 3129 934 3178 50'Ads'tum
946 3161 954 3178 .
965 3161 972 3176 .
984 3161 992 3176 .
1003 3131 1094 3194 hobam]
1116 3133 1202 3180 Ullum
1218 3134 1262 3182 hu·

185 3208 236 3241 non
246 3197 277 3242 de
288 3197 354 3242 nudo
365 3195 425 3250 solo,
436 3197 497 3242 dum
508 3194 592 3259 adjicit
601 3195 708 3244 insulam
740 3196 889 3242 beatiorum
900 3209 1029 3256 perquem
1040 3198 1101 3243 adiri
1111 3198 1196 3256 possit.

185 3261 270 3320 aggeri
287 3259 429 3322 impositam
448 3262 519 3308 ease?
542 3261 641 3308 Judioet
661 3263 709 3308 lec·
772 3259 1047 3370 {lai'remtutnlmtd
1060 3263 1155 3308 Merces
1166 3264 1261 3323 argenti

188 3327 235 3370 tor.
741 3324 805 3372 282

222 3388 255 3438 te
273 3388 320 3446 Qut
345 3393 369 3436 et
394 3403 489 3436 niumm
510 3387 635 3450 aestimat]
661 3388 708 3445 Qui
773 3387 805 3436 52
821 3389 880 3435 Non
893 3389 949 3437 hono
963 3402 991 3436 ac
1000 3391 1067 3452 justo
1085 3403 1139 3450 rega
1157 3390 1262 3458 ortator]

187 3459 299 3516 aggeres
316 3467 412 3502 murum
427 3455 498 3512 arcis,
510 3456 562 3501 sive
575 3455 664 3502 insulae
678 3469 707 3502 eo
740 3452 839 3502 Laeerae
849 3451 923 3518 hujus
935 3455 983 3504 lori
999 3455 1108 3516 reliquia
1119 3456 1224 3503 offemnt
1234 3457 1261 3504 ob

187 3521 260 3566 modo
275 3525 381 3579 sumpte
397 3533 447 3581 quo
459 3519 625 3581 exposuimus,
636 3521 707 3566 sueti·
739 3532 777 3565 ro.
810 3520 871 3566 Inde
895 3534 939 3581 per
962 3517 1131 3582 trajectionem
1155 3521 1260 3568 duarum

186 3589 248 3639 neat,
270 3590 294 3631 ct
319 3583 415 3632 humore
440 3583 589 3648 circumfusa
611 3585 707 3644 paludis
739 3583 1128 3635 litterarumeu‘eoimusorta-tor.

186 3647 362 3699 utendam.
396 3651 511 3698 Ceterum
527 3649 707 3698 noniaoilein·
