3120 4984
453 169 504 254 111
514 187 549 256 a·
568 193 669 255 xnn.
697 193 800 255 cer.
820 189 934 256 xxvr.
1001 247 1010 258 ,
1175 197 1222 261 'ss

156 367 238 420 sent.
266 347 384 422 Vidiss'e
396 349 497 442 seper
508 381 609 425 omnes
621 357 708 425 urbes
723 359 926 424 Macedonum
938 381 1051 425 aemma
1065 366 1098 427 n'i
1104 361 1259 446 paramo.
1268 379 1297 432 c.
1307 383 1364 432 tto.

157 443 275 506 hellam.
304 442 402 521 Qum
416 448 460 510 ad
472 467 571 531 regem
579 447 796 528 pervertissent,
807 467 868 528 per
881 448 989 512 multos
1002 449 1067 512 dics
1080 454 1220 515 conoeni-
1228 451 1259 496 Λ·
1271 447 1299 498 ⁰·
1309 449 1362 497 ¹⁷²

158 531 231 592 endi
255 530 319 614 ffers
337 540 517 613 potestatem
539 553 600 596 non
612 533 754 616 factam:
771 542 935 614 postremo,
950 555 1038 617 quum
1060 537 1220 618 desperato

148 614 219 698 piem
232 618 392 701 conloquio
411 619 544 702 profecti
556 629 661 698 essent,
674 629 736 682 tum
750 621 864 682 dunum
877 641 910 683 se
922 641 961 683 ec
975 621 1087 684 itinere
1098 641 1219 688 reuoca-
1241 669 1243 678 .

157 709 211 778 tos,
227 713 258 766 et
271 705 316 766 ad
328 725 393 766 eum
408 705 594 768 introductos
607 725 678 769 esse.
704 703 774 768 Saea
787 705 938 769 orationis
950 708 1217 792 summomfidsse,

144 787 262 870 sudus,
278 809 342 852 cum
356 791 510 874 Philippo
531 791 632 868 iehan,
647 811 715 853 cum
736 790 803 872 apso
824 811 859 853 eo
877 791 1094 874 postmortem
1112 798 1220 877 patris

153 885 347 940 renouatum:
371 877 405 938 in
416 898 478 968 quo
492 877 605 940 diserte
616 876 772 957 prohiberi
785 897 862 952 eum,
876 887 965 940 entra
971 879 1058 960 fines
1071 901 1160 943 arma
1174 882 1219 966 es-

143 961 253 1044 ferie·
271 961 443 1043 prohiberi,
456 964 551 1026 socios
559 964 671 1046 populi
684 963 820 1026 Romani
833 965 977 1028 lacessere
990 963 1077 1028 bella.
1111 968 1218 1050 Eupo-

155 1049 216 1111 sita
230 1048 343 1111 deinde
356 1048 396 1111 ab
409 1071 441 1113 se
454 1049 572 1129 ordine,
588 1069 657 1132 quea
674 1049 736 1130 ipsi
759 1069 858 1132 nuper
877 1048 912 1111 in
932 1059 1040 1114 senatu
1053 1052 1218 1118 Eumenem

155 1153 227 1196 nera
242 1135 344 1197 amnia
361 1143 392 1197 et
407 1145 560 1216 comperta
582 1136 759 1219 referentem
781 1135 952 1199 audissent,
990 1133 1219 1204 Samothracen⁸

147 1229 304 1302 preterea
322 1241 382 1302 per
399 1222 507 1285 multos
520 1222 585 1286 dies
598 1223 741 1284 oececltnm
755 1223 912 1285 consilium
926 1243 990 1286 crem
1011 1224 1217 1308 legationibus

153 1307 323 1370 civitatium
339 1305 425 1370 Asiae
446 1329 543 1392 regem
563 1307 711 1371 hahuisse.
754 1307 823 1372 Pro
842 1308 893 1371 his
913 1306 1038 1391 injuriis
1058 1311 1214 1393 satisfieri,

151 1401 287 1457 senatum
301 1413 417 1476 aquom
431 1413 559 1470 cerum,
575 1395 720 1476 reddique
737 1393 796 1456 sihi
816 1414 865 1458 res
885 1396 1033 1478 sociisque
1052 1398 1216 1480 adaquas

150 1489 258 1542 commu
262 1477 319 1562 jus
324 1479 463 1562 foederis
475 1479 596 1543 habeat.
639 1480 754 1564 Regem
767 1481 813 1542 ad
824 1500 862 1542 ea
873 1482 975 1562 primo
995 1502 1148 1546 accensum
1163 1485 1214 1547 ira

150 1566 344 1628 inclementer
362 1567 502 1642 lentum,
518 1566 685 1630 auaritiam
704 1565 932 1650 superbiamque
944 1567 1095 1632 Romanis
1108 1567 1214 1652 objici·

151 1649 246 1716 ehtem
253 1651 455 1736 frequenter:
478 1654 560 1735 quod
575 1652 636 1715 alii
648 1671 739 1734 super
754 1652 835 1715 alios
847 1654 945 1736 legati
960 1653 1098 1718 uenirent
1111 1677 1213 1738 specu·

151 1739 215 1802 lari
228 1738 471 1822 dictassetaque
484 1759 550 1815 suo,
565 1740 646 1822 quod
658 1759 690 1801 se
703 1739 747 1800 od
765 1747 868 1801 numm
883 1740 1099 1824 imperiumque
1112 1763 1213 1807 earnem

150 1827 252 1888 omnia
267 1825 368 1887 dicere
388 1847 426 1887 ac
434 1826 548 1908 facere
561 1845 677 1908 aeqnum
697 1834 860 1888 censerent.
904 1827 1073 1903 Postremo,
1089 1830 1212 1894 multum

150 1933 186 1974 ec
201 1912 256 1974 diu
269 1911 476 1994 sceptrorum,
491 1913 605 1974 reverti
611 1920 737 1993 postero
750 1911 802 1974 die
804 1909 942 1992 jussisse.
960 1913 1104 1994 scriptum
1118 1935 1150 1976 se
1163 1937 1212 1978 re-

148 2005 287 2080 sponsum
297 1997 466 2061 darevalle.
486 1997 561 2060 Tum
569 1998 613 2060 ito
622 1997 683 2061 sihi
689 1997 834 2078 scriptum
842 1999 992 2060 traditum
998 2020 1075 2062 esse:
1089 1999 1210 2078 Foedus,

147 2087 212 2146 ciem
221 2093 316 2166 patre
326 2084 426 2159 ictum,
437 2084 480 2145 cd
489 2103 520 2147 se
530 2081 785 2165 nihilpertinere.
806 2083 849 2148 Id
858 2105 890 2147 se
900 2085 1052 2160 renovari,
1065 2106 1124 2148 non
1137 2089 1210 2170 quia
1277 2123 1282 2138 .

141 2170 302 2252 probaret,
313 2172 368 2233 sed
377 2171 451 2255 quia
463 2171 496 2233 in
509 2189 588 2234 nouo
597 2171 785 2250 possessione
793 2171 1042 2252 regnipatiendu
1053 2173 1156 2234 omnia
1165 2195 1211 2237 es-

145 2265 221 2334 sent,
231 2277 365 2338 possum
410 2256 445 2320 Si
461 2256 680 2339 momcmsoedus
694 2255 905 2338 secumfacere
918 2257 1037 2331 uellent,
1052 2260 1211 2322 conuenire

141 2345 232 2426 prius
247 2345 286 2406 de
298 2342 522 2406 conditionibus
535 2341 658 2405 dehere:
681 2349 720 2416 ei,
736 2343 764 2404 si
778 2343 812 2404 in
826 2341 959 2403 animum
974 2341 1162 2418 inducerent,
1175 2355 1223 2413 ut.

145 2449 183 2492 ec
193 2429 494 2513 eequofoedusfieret,
507 2437 537 2490 et
547 2449 579 2490 se
589 2429 731 2505 uisurum,
742 2427 818 2509 quid
826 2425 1075 2509 sibiforiundum
1086 2437 1170 2504 esset,
1179 2441 1210 2496 et

144 2516 214 2579 illos
224 2517 347 2579 credere
357 2515 530 2596 reipublicae
539 2515 734 2577 consulturos.
756 2513 858 2596 Atque
868 2514 915 2574 ita
924 2533 956 2575 se
963 2515 1168 2596 proripuisse,
1178 2526 1212 2580 et

143 2601 312 2666 sihmomm
323 2603 674 2686 eregioomnescoeptos.
698 2598 1209 2666 sliamseamieiticmetsocietatem
1331 2607 1338 2620 “

142 2690 346 2752 renunciasse.
364 2709 424 2772 qua
439 2709 508 2752 uoce
521 2707 586 2750 eum
600 2685 916 2761 circumlatrandum,
931 2694 1024 2768 atque
1037 2707 1106 2750 uoce
1118 2689 1209 2752 clara
1247 2745 1249 2749 .
1340 2723 1349 2738 ·

79 2785 84 2793 “
143 2776 341 2840 denuntiasse
354 2773 421 2851 sibi,
432 2784 466 2836 ut
479 2775 582 2837 triduo
592 2773 743 2856 regniaci
756 2772 932 2834 decederent
937 2770 1065 2851 finibus.
1108 2774 1161 2836 Ita
1175 2798 1208 2840 sa

137 2862 312 2944 prefectos:
334 2881 388 2924 nec
408 2859 478 2937 sihi,
499 2858 587 2922 want
607 2857 875 2934 animationem
899 2858 1098 2934 manentibus,
1117 2861 1206 2942 quid-
1226 2911 1231 2920 .

204 2957 236 3012 m'
246 2948 442 3031 hospitaliter
456 2955 512 3009 am
522 2941 787 3028 ¹bereignefactum.
819 2942 965 3008 Thessali
979 2943 1095 3010 deinde
1110 2944 1205 3010 AEto·

141 2969 228 3122 hidiae
244 3031 339 3120 legati
354 3032 466 3097 auditi.
511 3029 651 3107 Senatui,
666 3044 703 3094 ut
721 3030 837 3094 scirent
851 3051 946 3114 quam
968 3031 1119 3113 primum,
1134 3033 1205 3118 qui-

141 3120 199 3185 bus
220 3119 355 3184 ducibus
377 3139 474 3183 usura
496 3116 672 3201 respublica
687 3128 776 3192 esset,
792 3114 898 3179 literas
919 3116 1002 3180 mitti
1023 3115 1205 3184 consulibus

140 3207 268 3293 plicuit,
296 3217 342 3282 ut,
360 3218 438 3270 ‘uter
461 3215 572 3269 eorum
596 3201 744 3287 “posset
770 3201 907 3266 Romam
933 3201 975 3267 ad
999 3203 1203 3290 magistratus

141 3293 295 3360 creandos
310 3292 440 3357 veniret.
809 3329 815 3338 ·
970 3291 979 3302 “
1102 3346 1105 3354 ,

181 3378 318 3444 XXVI.
342 3377 433 3442 Nihil
452 3375 655 3464 magnopere,
679 3374 765 3461 quod
788 3376 958 3440 memorari
981 3374 1132 3451 adtineat,
1152 3377 1202 3442 rei

138 3467 275 3554 publicae
290 3487 329 3530 eo
346 3485 433 3529 anno
454 3460 599 3528 consules
622 3474 790 3547 gesserant
813 3462 918 3548 magis
936 3482 954 3524 e
975 3460 1139 3546 republica
1154 3463 1201 3527 vi·

137 3563 299 3633 sumeret,
316 3550 482 3637 comprimi
501 3570 539 3612 ac
559 3546 663 3612 sedari
685 3555 887 3634 exasperatos
901 3546 1045 3634 Ligures.
1090 3547 1200 3624 Quum

138 3640 385 3705 Macedonicum
408 3635 525 3702 bellum
548 3640 794 3719 exspectaretur,
811 3633 963 3698 Gentium
978 3655 1104 3719 quoque
1123 3632 1353 3719 Illy-cennens

135 3725 259 3793 riorum
288 3745 394 3811 regem
424 3733 604 3808 suspectum
635 3720 770 3785 Issenses
797 3720 893 3820 legati
918 3719 1075 3784 fecerunt:
1106 3720 1343 3784 simularentur

134 3814 248 3902 questi,
266 3810 345 3874 fines
360 3833 433 3875 suos
447 3801 588 3874 secundo*
606 3806 803 3892 populatum,
820 3805 915 3871 simul
928 3806 1123 3882 nunciantes,
1139 3829 1200 3870 uno
1207 3785 1360 3896 {wrm

133 3903 236 3965 animo
257 3900 358 3963 uiuere
374 3895 577 3961 Macedonum
598 3904 690 3979 atque
710 3895 900 3980 Illyriorum,
912 3915 1031 3976 regem.-
1052 3914 1198 3958 commum

131 3987 260 4053 consilio
275 4005 397 4081 parare
411 3984 561 4047 Romanis
582 3981 706 4044 bellum:
729 3991 759 4044 et
772 3981 870 4062 specie
891 3981 1059 4063 legatorum
1073 3979 1198 4065 Illyrios

505 4121 519 4149 ¹
529 4116 694 4165 Samothracia
705 4117 778 4162 Gron.
791 4116 859 4161 Cres.

157 4241 195 4291 80
208 4237 264 4287 Au
280 4236 485 4293 mammarum
496 4223 650 4293 manentibus]
681 4238 724 4277 ant
734 4217 882 4286 emmeram,
893 4232 935 4276 aut
945 4227 1094 4276 mavortibus.

126 4307 199 4356 Hane
212 4303 348 4353 lectionem
363 4301 460 4347 induxit
470 4299 583 4361 Sigonius
594 4296 649 4342 Flo·
713 4295 743 4342 81
768 4287 861 4357 Portet]
894 4293 948 4340 Hoc
972 4305 987 4338 a
1009 4291 1130 4340 Gronovio
1151 4300 1203 4346 est.¹

125 4373 217 4420 rebella
225 4369 366 4416 obsecutus.
383 4363 462 4412 Vetus
470 4365 545 4412 codex
555 4361 649 4418 habuit,
682 4360 753 4407 Prius
762 4364 827 4408 eracl.
875 4381 880 4388 s

727 4430 783 4486 nt
