3056 4976
385 321 389 332 ι
420 219 635 306 urn'mm.
665 246 767 304 cur.
786 245 874 304 vut.
1148 255 1183 308 n

135 406 260 472 Corsica
284 405 381 508 tignis
404 407 536 472 conlutis
555 407 725 495 pugnavit:
748 421 864 494 septem
893 407 991 474 millis
1011 408 1182 476 Corsorum
1192 431 1328 484 mcum.
1364 447 1371 458 ·

131 497 225 571 caese3
244 508 332 578 capti
356 491 492 577 emplius
516 493 604 559 mille
628 508 660 559 et
682 495 879 583 septingenti.
925 495 1065 560 voveret
1090 497 1121 560 iu
1147 497 1328 574 eo1¹005¹7⁸7

129 599 233 666 pugne
254 587 374 664 praetor'
395 578 496 644 aedem
518 580 671 645 ”Junoni
693 592 838 644 monetae.
885 581 953 646 Pax
975 579 1089 646 deinde
1110 582 1184 648 duta
1192 561 1335 660 ⁰⁰³¹‚'¹⁰t”

128 665 304 750 petentibus
330 665 448 741 Corsis,
470 681 503 730 et
527 681 636 730 erecta
661 687 742 730 oerae
763 666 920 731 ²²ducens
944 666 1043 731 millis
1064 668 1183 752 pondo.
1230 741 1232 748 y
1292 701 1303 710 ν

128 753 180 816 Ex
195 752 325 816 Cortice
338 749 467 816 subactu
485 751 645 816 Cicereius
662 752 695 816 in
713 752 892 816 Sardiniam
914 754 1095 818 transmisit.
1141 755 1185 818 Et

126 839 158 902 in
175 837 347 926 Liguribus
361 837 394 900 in
414 859 492 924 agro
509 837 672 902 Stmielleti
694 849 869 926 pugnaturn
885 839 926 903 ed
949 839 1102 924 oppidum
1120 840 1184 904 Cu·
1353 909 1360 918 ,

125 936 255 1008 rystum.
302 921 351 988 Eo
387 946 419 987 se
453 945 586 1010 magnus
614 924 768 988 exercitus
805 924 960 1012 Ligurum
996 925 1289 994 contulerattieum

126 1010 237 1074 Primo
262 1009 321 1074 sub
349 1008 518 1072 adveutum
547 1010 595 1074 M.
613 1009 737 1093 Popillii
766 1011 902 1074 consulis
931 1012 1090 1076 moenibus
1116 1035 1183 1078 sese
1191 1016 1285 1080 li⁰l¹¹⁸

124 1094 347 1162 continebant:
381 1094 508 1176 deiude,
536 1108 703 1181 postquem
737 1095 892 1180 oppidum
925 1073 1258 1186 obpugnaturum”“¹'

124 1182 307 1248 Romanum
329 1180 510 1256 cernebant,
528 1183 684 1268 progressi
710 1196 784 1244 ante
804 1195 924 1266 portas,
941 1184 1036 1248 aciem
1062 1195 1183 1250 struxe-

122 1283 214 1333 runt:
239 1288 297 1332 nec
320 1267 430 1330 consul
454 1267 580 1352 (utqui
607 1266 640 1331 id
665 1268 768 1352 ipsum
792 1268 1032 1358 obpugnatione,
1052 1271 1183 1336 commi·

123 1354 228 1419 nunde
255 1354 427 1439 qutesisset)
454 1373 574 1416 morem
601 1353 764 1418 certamini
793 1351 876 1418 fecit.
923 1353 1108 1441 Pugnatum
1136 1369 1183 1422 est

121 1441 259 1524 amplius
274 1452 337 1502 tres
351 1436 458 1514 horus,
475 1438 518 1502 ite
533 1452 567 1502 ut
582 1453 694 1504 neutro
709 1438 876 1504 inclinaret
889 1463 968 1525 spes.
1013 1440 1112 1516 Quod
1126 1441 1181 1506 ubi

121 1526 232 1591 consul
259 1524 347 1603 vidit,
371 1523 458 1588 nulle
487 1538 575 1608 purte
600 1526 718 1589 moveri
744 1525 898 1608 Ligurum
925 1525 1025 1612 signe,
1049 1529 1183 1614 imperet

121 1613 292 1700 equitibus,
307 1624 342 1674 ut
357 1631 453 1696 equos
470 1609 692 1685 conscendent,
708 1631 745 1674 ec
759 1610 858 1676 tribus
875 1613 971 1677 simul
990 1614 1133 1697 pertibus
1148 1615 1179 1677 in

120 1699 237 1775 hostes,
254 1709 372 1781 quanto
397 1696 540 1760 maximo
564 1709 688 1779 possent
711 1697 862 1774 tumultu,
883 1697 1057 1764 incurrant.
1101 1700 1181 1764 Pers

121 1807 239 1871 magna
253 1782 394 1868 equitum
412 1781 545 1846 mediam
562 1783 679 1869 trajecit
694 1781 803 1863 eciem,
819 1784 905 1848 etad
926 1797 1015 1872 terge
1037 1807 1181 1872 pugnan·
1208 1849 1212 1856 ,

119 1871 196 1935 tium
223 1868 372 1956 pervasit.
418 1867 498 1932 Inde
527 1881 629 1933 terror
650 1869 783 1953 injectus
805 1868 987 1958 Liguribus.
1009 1870 1124 1936 diversi
1146 1871 1180 1936 in

118 1979 230 2022 omnes
260 1955 364 2040 pertes'
388 1952 546 2042 fugerunt.
575 1956 725 2038 perpauci
750 1966 836 2018 retro
861 1957 894 2019 in
920 1957 1083 2041 oppidum,
1107 1958 1180 2041 quie

118 2043 191 2108 inde
212 2065 251 2106 se
275 2042 413 2104 maxime
438 2041 594 2104 ob'ecerut
620 2062 723 2126 eques.
750 2054 781 2104 et
805 2062 914 2128 pugne
939 2059 1003 2106 tem
1028 2043 1179 2128 pervicax

120 2129 238 2194 multos
260 2127 453 2192 absumseret
472 2063 637 2212 Ligurum,
653 2143 683 2190 et
706 2128 739 2189 in
761 2125 837 2214 fuga
859 2129 972 2212 passim
999 2131 1074 2193 caesi
1097 2143 1181 2194 sunt.

118 2215 242 2280 Decem
269 2213 368 2277 millie
392 2212 556 2276 homiuum
580 2235 660 2276 caesu
683 2211 871 2290 cadumum
898 2213 1035 2299 emplius
1061 2216 1179 2298 septin-

119 2303 201 2388 genti
234 2299 351 2384 psssim
378 2299 480 2383 eapti:
504 2299 594 2384 signe
623 2298 770 2362 militaris
795 2299 893 2363 relata
918 2303 1079 2384 octoginta
1103 2300 1179 2367 duo.

120 2389 186 2452 Nec
214 2387 385 2450 incruente
416 2385 546 2448 victorie
573 2383 640 2448 suit.
671 2382 807 2468 emplius
832 2385 893 2448 tria
920 2384 1019 2448 millis
1043 2385 1179 2450 militum

118 2475 250 2547 emisset
273 2492 380 2556 quum,
397 2469 579 2535 cedentibus
599 2470 727 2550 neutris,
743 2491 784 2534 ex
803 2482 1041 2558 perteutrsque
1059 2472 1179 2556 primo-

117 2582 164 2624 res
178 2559 343 2623 caderent.
920 2619 926 2628 ,
1000 2617 1003 2624 „

158 2645 259 2710 VlIl.
283 2643 360 2708 Post
381 2643 462 2708 benc
485 2665 622 2730 pugnam
638 2665 678 2707 ex
692 2633 818 2710 diversa·
832 2643 911 2732 ‘fuga
931 2643 965 2708 in
987 2665 1086 2708 unum
1102 2664 1178 2708 con·

117 2730 185 2796 lecti
209 2731 359 2814 Ligures,
377 2751 474 2816 quum
500 2731 651 2816 majorem
677 2729 777 2794 multo
799 2740 920 2815 partem
944 2730 1058 2794 civium
1084 2730 1179 2794 amis-

118 2839 192 2897 sem,
215 2837 314 2904 quam
340 2837 509 2900 superesse,
532 2831 708 2892 cernerent,
732 2816 837 2898 (²³nec
862 2817 945 2880 enim
970 2815 1042 2902 plus
1067 2814 1176 2882 decem

118 2903 213 2968 millia
243 2901 407 2968 bominum
433 2902 536 2982 erent)
558 2901 745 2967 dediderunt
769 2925 853 2978 sese3
875 2903 953 2967 nihil
979 2902 1106 2989 quidem
1131 2901 1325 2967 illinetuntte.
1352 2909 1356 2915 ’

115 2991 206 3070 pecti.
239 2999 441 3073 speraverant
469 3001 584 3065 nemen,
611 3009 674 3050 non
705 2991 853 3068 atrocius,
876 3010 973 3075 quam
1002 2987 1177 3075 superiores

115 3074 333 3160 imperatores,
348 3072 510 3138 consulem
526 3073 558 3136 in
573 3096 607 3137 se
625 3074 816 3138 soeriturum.
860 3077 905 3138 At
926 3073 979 3139 ille
1000 3097 1088 3140 erma
1109 3099 1177 3139 om·
1256 3079 1259 3086 '
1282 3069 1285 3076 ’

115 3161 207 3226 nibus
230 3159 360 3236 ademit,
377 3159 530 3245 oppidum
544 3159 652 3236 diruit,
668 3161 751 3244 ipsos
771 3159 918 3247 bonaque
939 3182 1049 3224 eorum
1068 3161 1334 3226 vendi-venduntur.

115 3247 176 3311 ditt
202 3246 374 3330 literaeque
389 3247 511 3310 senatui
533 3244 574 3308 de
598 3245 692 3310 rebus
713 3246 753 3310 ab
776 3268 808 3309 se
832 3245 927 3333 gestis
949 3247 1041 3312 misit.
1087 3246 1176 3323 Quas

113 3355 209 3418 quum
228 3335 270 3396 A.
282 3331 398 3396 Atilius
412 3346 532 3416 praetor
553 3331 688 3395 incuria
710 3331 876 3408 recitasset,
896 3335 981 3416 (nem
1000 3333 1109 3397 consul
1132 3334 1177 3398 ul-

7 3449 8 3452 *
114 3432 160 3482 ter
181 3419 377 3495 Postumius,
394 3419 477 3505 agris
504 3417 762 3504 recognoscendis
778 3418 817 3483 in
843 3417 1019 3502 Campania
1041 3441 1176 3504 occupe-

113 3517 171 3582 tus,
188 3505 314 3584 aberet)
335 3516 425 3568 atrox
451 3525 502 3586 res
524 3505 588 3567 vise
610 3504 748 3567 senatui:
772 3506 972 3583 Statiellotes,
987 3506 1040 3587 qui
1064 3508 1119 3568 oni
1140 3529 1178 3568 ex

115 3592 267 3675 Ligumm
288 3599 380 3674 gente
405 3611 464 3653 non
490 3591 628 3654 tulissent
653 3613 740 3654 orma
763 3593 906 3655 adversus
927 3591 1091 3664 Romanor,
1113 3601 1176 3654 tum

112 3697 228 3762 quoque
242 3677 440 3758 obpugnatus,
456 3697 516 3738 non
532 3678 613 3738 ultro
629 3678 792 3760 inferentes
809 3677 928 3751 bellum
950 3678 1068 3740 deditos
1084 3679 1117 3739 in
1126 3679 1177 3759 fi·

113 3765 176 3826 dem
187 3764 302 3845 populi
310 3763 446 3834 Romani
456 3763 539 3824 omni
552 3763 667 3824 ultime
676 3765 868 3826 crudelitatis
878 3765 1013 3844 exemplo
1027 3765 1177 3827 laceratos

6 3833 7 3890 s
113 3870 148 3913 oc
162 3850 277 3912 deletos
298 3871 379 3912 esse:
402 3859 447 3911 tot
468 3849 567 3912 millio
590 3850 722 3929 capitum
744 3850 946 3924 innoxiorum,
960 3851 1053 3930 fidem
1076 3849 1176 3931 inplo-

144 4009 173 4048 21
191 4001 299 4064 lanosi]
320 4001 359 4048 Sic
375 4003 421 4063 legi
434 4000 508 4060 jussit
518 4000 629 4061 Sigonius
661 4002 736 4059 msjm
757 4005 802 4054 est,
825 4003 860 4048 rel
884 4015 995 4048 numeros
1016 4015 1128 4050 cesorum
1149 4004 1174 4049 in

114 4077 155 4125 pro
165 4066 283 4114 «lunonis.
628 4095 630 4104 .
661 4067 781 4126 pugnatis
797 4081 844 4125 qur
860 4067 929 4113 modo
945 4068 1034 4112 mentio
1050 4068 1174 4123 recteest,

145 4137 176 4178 22
193 4133 298 4178 Ducena
307 4131 387 4178 millia
397 4129 485 4191 pondo]
502 4130 629 4177 Mellemnt
658 4132 725 4190 insto
741 4132 825 4176 minor.
859 4131 978 4178 Dicuntur
997 4131 1060 4178 enim
1079 4133 1174 4180 statiel-

114 4194 223 4244 ducenta.
239 4195 627 4254 mbmnommaesoooouaequt-
658 4197 717 4242 letes
739 4195 764 4241 in
787 4197 815 4240 iis
835 4210 887 4256 quse
909 4197 1013 4255 proxime
1040 4200 1176 4256 precedunt

110 4267 226 4318 suuntur
237 4257 303 4308 libris
315 4261 486 4308 Pe'risiemibus
500 4263 602 4307 156250.
658 4262 769 4319 mejerem
796 4262 872 4307 multo
894 4261 979 4307 cisium
1005 4268 1095 4322 partem
1117 4265 1174 4312 omi·

144 4331 175 4372 2³
187 4327 247 4375 ,Nec
262 4326 326 4372 enim
341 4326 396 4386 plur
407 4327 484 4374 dcem
499 4324 577 4372 millia
586 4324 627 4370 to·
659 4327 726 4385 siste,
739 4339 808 4386 quum
821 4340 871 4387 quse
884 4333 1021 4388 superesset.

111 4391 205 4438 atrum
221 4387 300 4454 aaut]
317 4390 362 4438 Vel
379 4392 419 4438 hic
435 4403 546 4443 uumerus
559 4389 626 4448 josto
