3056 4976
525 161 819 262 suetonum.
1108 205 1224 294 ¹euru

515 368 592 432 Post
605 369 700 433 mura
713 368 834 432 ididan.

173 455 218 515 At
237 473 302 515 non
323 451 455 517 historia
478 453 605 516 cesserit
627 451 761 530 Graecis,
777 473 836 518 uec
855 475 1018 538 opponere
1039 454 1222 542 Thucydid

131 537 316 604 Sallustium
331 561 457 605 verear:
480 561 539 604 nec
560 539 744 626 indignetur
766 541 827 604 sibi
844 541 1028 606 Herodotus
1044 544 1165 628 aquari
1180 541 1223 609 T.

129 626 267 702 Livium,
290 647 387 711 quum
410 626 444 688 in
464 625 625 690 narrando
648 625 738 692 mirae
756 625 973 712 jucunditatis,
997 627 1223 716 clarissimique

128 711 289 792 candoris,
300 727 367 775 tum
383 712 416 777 in
431 711 639 777 concionibus
655 734 751 796 supra
765 734 859 798 quam
875 714 1016 778 enarrari
1030 727 1145 799 potest,
1158 719 1224 782 elo·

127 811 296 885 quantem:
320 798 366 862 its
386 795 536 864 dicuntur
558 799 665 864 omnia
686 821 784 884 quum
806 799 911 876 rebus,
927 813 995 865 tum
1013 803 1157 886 personis
1171 827 1226 870 ac·

125 885 341 950 commodata.
379 885 442 952 Sed
458 885 586 950 affectus
600 883 741 970 quidem,
753 888 915 970 praecipue
929 887 1049 972 eosqui
1064 903 1139 953 suut
1153 889 1224 956 dul-

125 972 238 1047 eiores,
258 983 294 1036 ut
317 971 497 1055 parcissime
510 971 625 1048 dicam,
642 993 736 1036 nemo
754 971 977 1036 historicorum
990 976 1225 1042 commendarit

126 1059 245 1146 aragisi
264 1057 398 1143 ideoque
407 1057 620 1122 immortalem
632 1057 718 1123 illam
733 1057 871 1123 Sallustii
882 1058 1080 1126 velocitatem
1093 1061 1226 1129 diversis

124 1144 298 1210 virtutibus
312 1157 499 1209 consecutus
518 1159 574 1208 est.
621 1143 704 1208 Nam
727 1144 805 1208 mihi
827 1146 953 1232 egregie
973 1146 1089 1212 dixisse
1102 1150 1221 1216 videtur

125 1231 284 1310 Servilius
300 1229 478 1306 Nonianus,
494 1251 586 1314 pares
600 1251 653 1294 eos
667 1231 769 1318 magis
783 1252 877 1316 quam
894 1232 1033 1299 similes.

275 1333 400 1397 Plinius
415 1330 546 1414 Praesut.
562 1333 651 1396 Hist.
669 1333 783 1396 Notur.
799 1335 843 1397 ad
863 1333 984 1418 Vesper.
1000 1335 1079 1420 Imp.

167 1419 332 1504 Equidem
349 1418 512 1496 itasentio,
523 1418 712 1504 peculiarem
723 1419 755 1482 in
765 1418 1013 1485 studiisoausam
1023 1443 1133 1486 corum
1145 1447 1223 1506 esse,

125 1507 178 1591 qui
194 1505 438 1569 difficultatibus
452 1505 551 1581 vietis,
568 1503 734 1582 utilitatem
746 1505 879 1591 juvandi
893 1507 1103 1592 praetulerunt
1112 1514 1224 1598 gratiae

123 1593 287 1676 placendi.
309 1591 407 1678 idque
423 1593 490 1678 jam
512 1606 544 1655 et
563 1592 595 1653 in
612 1589 680 1654 aliis
695 1591 845 1676 operibus
860 1592 927 1678 ipse
940 1593 1011 1671 feci,
1027 1606 1059 1659 ct
1072 1597 1225 1680 profiteor

125 1679 239 1742 mirari
256 1701 306 1741 me
322 1677 363 1742 T.
379 1674 516 1753 Livium,
533 1690 694 1741 auctorem
709 1678 959 1757 celeberrimum,
972 1680 1004 1764 in
1020 1683 1223 1752 historiarum

124 1787 272 1841 suarum,
284 1787 361 1850 quus
374 1764 487 1850 repetit
499 1764 541 1828 ab
551 1764 675 1851 origine
685 1765 781 1842 urbis,
794 1766 932 1851 quodam
943 1766 1105 1834 volumine
1116 1771 1162 1835 sic
1172 1796 1225 1836 or-

124 1875 191 1916 sum
208 1875 221 1916 r
241 1851 411 1935 sainjau
430 1852 491 1915 sibi
505 1853 618 1936 gloriae
638 1853 851 1935 quantumst
867 1855 1004 1936 potuisse
1023 1875 1057 1918 ae
1076 1858 1224 1936 desinere,

125 1943 159 2002 ni
172 1941 302 2003 artimus·
311 1940 430 2022 inquies
439 1949 618 2020 pasceretur
628 1959 732 2020 opere.
767 1937 916 2002 Profecto
928 1940 1011 2003 enim
1024 1943 1135 2026 populi
1147 1965 1225 2032 gen·

125 2026 208 2089 tium
224 2025 359 2108 uictoris,
373 2037 403 2088 et
415 2025 553 2088 Romani
566 2024 702 2087 nominis
712 2024 833 2110 gloriae,
846 2047 911 2090 non
923 2049 1001 2108 suae,
1014 2031 1227 2113 composuisse

124 2112 178 2180 illa.
200 2111 319 2176 decuit.
366 2110 473 2196 Majus
495 2110 642 2174 meritum
664 2122 755 2190 esset,
776 2113 883 2196 operis
903 2135 1022 2192 amore,
1040 2135 1104 2179 non
1127 2120 1225 2184 animi

124 2223 224 2264 causa
233 2219 459 2282 perseverasse;
475 2210 506 2260 et
518 2197 577 2260 hoc
585 2196 706 2281 populo
718 2197 866 2262 Romano
875 2201 1067 2282 praestitisse,
1076 2223 1142 2266 non
1153 2205 1225 2270 sibi.

197 2302 360 2365 Cornelius
389 2299 520 2380 Tacitus,
543 2302 684 2364 oratione
708 2301 859 2366 Cremutii
885 2304 990 2379 Cordi,
1013 2303 1068 2366 lib.
1094 2306 1112 2368 l
1117 2307 1151 2370 V.

263 2393 269 2400 '
565 2387 680 2449 Aranni.
696 2409 720 2449 c.
738 2395 790 2450 34.

173 2474 314 2538 Brutum
323 2484 354 2536 et
362 2471 505 2538 Cassium
516 2471 799 2538 laudavissedicor:
813 2493 948 2557 quorum
959 2497 1007 2560 res
1016 2487 1224 2566 gestusquum

125 2562 159 2645 pl
165 2559 260 2624 uriml
270 2557 515 2644 composuerint,
526 2579 620 2622 nemo
629 2558 696 2626 sine
708 2557 830 2622 honore
839 2562 1034 2628 memoravit.
1051 2561 1091 2628 T.
1103 2563 1225 2652 Livius,
1313 2583 1317 2590 “

126 2647 322 2734 eloquentiae
337 2668 374 2710 ac
391 2644 463 2709 fidei
484 2644 655 2732 praeclarus
674 2645 830 2731 inprimis,
848 2646 907 2712 Cn.
926 2647 1111 2734 Pompeium
1128 2653 1224 2720 tantis

126 2733 276 2798 laudibus
286 2731 368 2809 tulit,
377 2745 413 2796 ut
425 2731 653 2882 Pcnqpeianum
663 2753 734 2796 eum
746 2735 1103 2821 Augustusappellaret:
1120 2760 1224 2827 neque

126 2821 161 2886 id
176 2819 328 2886 amicitiae
342 2840 451 2882 eorum
468 2841 488 2880 o
512 2818 582 2884 ecit.
622 2819 812 2904 Scipionem,
827 2818 1007 2904 Afranium,
1019 2823 1105 2888 hunc
1118 2826 1223 2912 ipsum

129 2907 287 2983 Cassium,
305 2905 391 2969 hunc
406 2905 555 2985 Brutum,
570 2927 724 2992 nusquam
747 2905 883 2971 latrones
905 2921 936 2973 et
949 2911 1133 2992 parricidas,
1150 2931 1222 3002 quae

128 3017 215 3058 nunc
228 2993 384 3058 vocabula
399 2993 616 3077 imponuntur,
633 3015 716 3078 saepe
731 3005 766 3057 ut
780 2993 919 3080 insignes
930 2996 1013 3060 viros
1027 2998 1182 3065 nominat.

345 3095 505 3160 Suetonius
524 3097 733 3180 Tranquillus,
752 3097 904 3180 Caligulae
917 3119 942 3160 c.
955 3105 1008 3163 34.

173 3181 237 3246 Sed
254 3193 286 3244 et
298 3180 425 3269 Virgilii
439 3195 471 3246 et
484 3180 525 3244 T.
537 3180 621 3245 Livii
635 3181 751 3266 scripta
762 3194 793 3245 et
809 3181 970 3268 imagines,
983 3184 1113 3269 paulum
1124 3185 1226 3254 abfuit

131 3271 204 3354 quin
221 3290 262 3331 ex
286 3267 433 3332 omnibus
456 3265 653 3332 bibliothecis
676 3267 845 3332 amoverit:
869 3291 1004 3354 quorum
1028 3271 1172 3352 alterum,
1191 3287 1226 3340 ut

131 3355 246 3419 nullius
260 3355 381 3442 ingenii
398 3353 599 3441 minimaeque
614 3354 769 3420 doctrinae
775 3377 784 3430 3
809 3353 952 3434 alterum,
967 3371 1001 3422 ut
1011 3361 1177 3426 verbosum
1190 3361 1224 3426 in

131 3439 262 3506 historia
277 3441 563 3528 negligentemque,
578 3440 739 3526 carpebat.

488 3547 569 3608 ldem
587 3548 715 3612 Claudii
727 3567 795 3628 cup.
811 3555 864 3609 41.

175 3630 353 3712 Historiam
369 3630 401 3694 in
417 3629 636 3708 adolescentia,
653 3632 801 3698 hortante
816 3631 857 3696 T.
874 3631 977 3710 Livio,
991 3632 1135 3716 Sulpicio
1151 3656 1225 3699 vero

134 3717 159 3782 F
160 3717 241 3785 lario
256 3716 547 3802 etiam-adjuvaute,
562 3719 698 3784 scribere
712 3733 943 3806 aggressusest.

410 3873 413 3877 -
461 3821 545 3886 Idem
561 3821 741 3886 Domitiani
754 3843 824 3902 cap.
843 3829 893 3886 lO.

174 3907 313 3974 Metium
332 3906 690 3993 Pompusianum„quod
703 3905 822 3976 habere
839 3905 1078 3990 lmperutoriam
1136 3912 1225 3976 nesin

130 3995 223 4082 uulgo
237 3993 410 4069 ferebatur,
420 4007 451 4058 et
464 3993 549 4078 quod
565 3995 722 4077 depictum
738 3993 848 4058 orbem
864 4006 958 4061 terrae
973 3995 1005 4058 iu
1023 4019 1103 4060 mem
1129 3999 1225 4078 ranis,

131 4083 361 4166 concionesquc
390 4103 501 4168 regum
531 4102 568 4144 ac
596 4082 714 4144 dueum
744 4101 785 4146 ex
812 4078 853 4144 T.
877 4079 972 4146 Livio
997 4082 1224 4164 circumferret,

131 4168 327 4253 (interemit.)

424 4311 428 4320 .
579 4253 771 4318 Phrturclrus.

171 4341 406 4420 Auctoritatem
418 4339 502 4406 Livii
511 4337 641 4406 adducit
650 4338 683 4404 in
694 4335 763 4406 vitis
774 4337 913 4420 C'atuilli,
925 4339 1082 4420 Marcelli,
1094 4342 1225 4408 Catonis
