3042 4980
482 209 824 288 PRAEFATIO.
951 201 953 207 '
1114 211 1194 290 xliii

105 413 151 486 ad
170 377 334 499 livium,
354 435 470 509 quam
489 413 537 489 ad
557 412 667 506 hujus
685 410 831 502 calcem
848 411 1130 508 subjungemus,
1149 433 1198 484 ne
1277 441 1280 444 ·

103 539 166 602 aut
193 527 290 602 bene
319 525 473 610 meritos
499 529 548 603 de
578 526 651 602 hoc
686 517 991 624 prestantissimo
1017 523 1197 623 scriptore

101 645 227 744 deque
242 642 354 718 nobis
370 642 549 718 'homines
566 641 687 738 gloria
703 667 784 738 sua,
802 654 866 718 aut
882 641 1063 741 cupidum
1081 639 1195 714 lecto·

99 783 176 840 rem
191 757 343 832 illorum
360 755 496 832 notitia
512 757 738 834 fraudemus.
788 813 790 820 -

146 873 275 949 Nobis
293 873 354 950 hic
372 872 572 950 observare
586 872 763 962 sufficiat,
780 896 828 948 ex
844 870 890 948 iis
907 871 1082 949 omnibus
1098 895 1195 970 qnos

98 971 319 1066 Gronovius
336 986 570 1064 enumeravit
586 987 774 1064 neminem
787 1011 870 1064 esse
883 987 1044 1086 enipius
1057 986 1195 1062 debeat

97 1102 246 1191 Livius,
263 1127 380 1201 quam
398 1101 485 1182 car.
502 1101 672 1202 Sigonio.
706 1102 793 1179 rue
818 1115 857 1180 et
877 1102 1024 1202 scriptis
1047 1099 1314 1202 aliquorsum.

96 1219 378 1318 exemplaribus
395 1218 560 1315 adjutus,
578 1229 618 1294 et
633 1241 770 1316 magua
788 1217 1047 1294 &manarum
1068 1189 1355 1302 remmiiii'ie'ii

97 1335 244 1434 peritia,
262 1336 399 1412 multas
415 1333 524 1412 Liuio
542 1333 647 1412 labes
665 1334 850 1426 abstersit,
869 1334 1040 1434 locisque
1060 1315 1279 1432 quam-m·

96 1451 280 1550 piurimis,
306 1451 366 1526 'vei
391 1450 561 1528 obscuris
575 1439 724 1542 '‘lucem,
748 1451 808 1528 vel
832 1449 970 1528 sauciis
993 1459 1033 1524 et
1057 1446 1191 1528 laceris

96 1566 300 1650 sanitatem
316 1565 502 1652 reddidit:
528 1565 649 1648 utrix
666 1565 873 1668 quidquam
889 1566 1022 1646 abesse
1043 1575 1191 1666 potue

95 1693 165 1773 tur,
195 1682 400 1783 quominus
428 1683 510 1778 ejus
536 1705 651 1782 opera
675 1681 1007 1782 eloquentissimus
1032 1679 1192 1782 scriptor

13 1875 14 1878 a
96 1800 274 1900 primaero
290 1798 401 1876 nitori
417 1797 608 1876 restitutus
624 1812 736 1878 esset.
1225 1881 1228 1888 ,

13 1945 14 1950 ¹
142 1916 199 1992 At
217 1925 373 1992 secutus
391 1913 585 2014 sigonium
601 1926 690 2014 post
705 1915 814 1992 unius
832 1913 949 1994 seculi
971 1914 1086 1990 ferme
1101 1931 1318 2012 spa-Arnen.

97 2032 185 2107 tium
202 2030 241 2110 J.
255 2029 358 2106 Frid.
371 2031 597 2120 Gronovius,
609 2031 725 2132 {ongo
743 2032 850 2107 illurn
866 2030 1062 2108 intervallo
1079 1999 1350 2130 supe-iiam

13 2159 14 2220 ἒ
98 2147 200 2224 ravit.
237 2145 354 2222 Hunc
373 2171 458 2222 vere
475 2147 679 2222 dixerimus
696 2148 904 2247 principem
922 2157 1048 2224 tenere
1060 2127 1331 2242 locurum„

13 2255 14 2266 ’
96 2263 271 2340 intereos
289 2286 421 2338 ornnes
438 2264 502 2362 qui
519 2263 628 2340 Livio
645 2263 867 2360 castigando
885 2285 1038 2338 manum
1056 2257 1349 2370 ιιι1ιιιο-ξ’ἲξωζῗξζζίξ111

98 2405 204 2454 vere:
228 2379 349 2456 virum
366 2378 405 2456 in
423 2403 500 2478 quo
523 2403 614 2469 ,cum
639 2378 875 2472 limatissimo
895 2377 1043 2473 judicio
1068 2384 1329 2500 cenaiss'fflfl

98 2493 209 2590 copia
233 2493 456 2573 eruditionis
482 2505 519 2570 et
544 2493 727 2586 varietas3
748 2488 801 2590 in
826 2517 902 2594 quo
929 2492 1023 2570 mira
1046 2489 1187 2590 ingenii

97 2608 194 2684 acies
223 2619 261 2684 et
290 2609 477 2706 sagacitas
506 2609 660 2688 minime
694 2609 810 2687 officit
842 2607 1067 2708 diiigentiae3
1105 2607 1188 2684 sine

96 2723 290 2811 timiditate
315 2733 479 2818 cautum,
503 2726 687 2804 audacem
713 2727 933 2827 plerumque
958 2725 1041 2804 sine
1066 2725 1186 2800 confi·

95 2841 240 2916 dentia:
269 2841 334 2940 qui
352 2842 514 2942 denique
532 2842 709 2920 omnibus
729 2844 811 2940 jarrr
836 2837 984 2918 Livium
1006 2850 1185 2918 tractatu·

93 2954 138 3030 ris
155 2959 220 3032 fax
238 2969 323 3031 esse
341 2957 478 3034 debeat
494 2967 696 3058 certusque
709 2960 800 3048 dux,
811 2985 834 3032 a
845 2981 921 3057 quo
937 2981 1020 3032 raro
1035 2953 1183 3033 discedi

90 3072 212 3168 possit
245 3071 327 3146 sine
360 3073 492 3148 erroris
526 3073 704 3171 periculo.
756 3072 906 3148 Etenim
940 3072 988 3148 ad
1023 3095 1184 3170 eaquae
1223 3167 1227 3174 ⁸
1292 3075 1293 3079 ’

89 3189 202 3262 modo
227 3187 515 3264 memoravimus
541 3201 683 3266 naturae
709 3188 966 3288 doctrinaeque
991 3186 1181 3286 presidia,

87 3303 197 3378 etiam
215 3303 444 3400 optimorum
460 3303 642 3381 librorum
659 3305 771 3404 copia
786 3318 1008 3392 accesserat,
1021 3326 1181 3404 quorum
1191 3315 1310 3432 gis-etp·

86 3442 154 3516 ope
165 3418 307 3494 multas
321 3417 487 3516 insignes
500 3421 681 3513 maculas,
696 3420 830 3520 partim
841 3421 1069 3499 inveteratas
1083 3385 1262 3527 jam-“⁸‘'
1299 3385 1345 3432 Μ’

13 3637 14 3640 Ἴ
86 3533 245 3622 dudum,
262 3533 400 3630 partim
417 3560 441 3608 a
457 3537 581 3634 pravis
609 3537 916 3614 emendatoribus
943 3560 1073 3612 recens
1100 3532 1182 3608 alli·

83 3660 150 3740 tas,
171 3649 286 3726 eluit:
314 3651 443 3740 multa,
462 3678 546 3751 quae
569 3654 697 3751 specie
723 3654 895 3752 sanitatis
921 3651 1182 3751 imponebant,
1224 3657 1227 3664 '

82 3791 184 3844 caeco
203 3766 333 3865 aliquo
352 3766 523 3842 laborare
535 3768 623 3844 vitio
637 3768 827 3870 ostendit:
855 3769 973 3843 multa
986 3769 1082 3843 salso
1099 3794 1180 3842 sus·

81 3895 190 3979 pecta
206 3882 247 3956 iu
264 3882 452 3980 integrum
469 3883 653 3959 restituit:
679 3896 722 3958 ut
747 3895 835 3982 post
860 3895 917 3982 tot
943 3883 1180 3962 doctissimo·

80 4022 159 4074 rum
185 3997 348 4072 virorum
375 3998 536 4088 leharea,
555 4023 678 4076 novus
705 4011 831 4076 tamen
859 4025 953 4098 pene
980 3999 1123 4088 Livius,
1143 3986 1182 4078 et
1251 4095 1253 4102 Ι

82 4115 182 4190 velut
198 4115 372 4190 rediviva
383 4113 542 4207 juventa
559 4115 704 4193 nitidus
722 4116 761 4190 in
779 4117 901 4192 lucem
920 4126 997 4192 tum
1025 4117 1179 4216 demum

83 4231 274 4324 prodierit.
373 4285 379 4294 -
