3120 4984
347 206 410 268 10οι
723 195 837 258 ΤΙΤΙ
865 197 1003 258 LlVII

183 377 321 428 uetat.
344 362 390 434 lio
414 372 493 442 erat,
519 359 654 449 querelae
679 360 720 426 ad
743 373 886 428 senatum
908 361 1021 428 delatae
1043 370 1126 438 sunt,
1154 370 1188 425 et
1209 359 1306 448 legati
1332 359 1417 447 regis

183 442 321 555 ⁸¹⁰·J72·
347 448 515 518 Gallorum
540 445 690 512 Cincibili
712 463 876 513 venerunt.
922 448 1034 512 Frater
1056 449 1123 534 ejus
1137 450 1234 511 verba
1252 450 1283 511 in
1307 461 1419 512 senatu

183 505 294 621 Q*
317 521 430 613 ‘fecit
453 548 593 620 questus,
610 535 803 620 Alpinorum
829 534 1021 619 populorum
1046 556 1139 622 agros
1163 535 1321 598 sociorum
1345 555 1420 598 suo-

347 644 419 688 rum
434 621 662 708 depopulatum
684 620 724 686 C.
741 620 886 688 Cassium
902 643 979 700 esse,
994 634 1025 685 et
1040 620 1114 684 iude
1129 621 1229 684 multa
1244 620 1345 685 millia
1360 619 1421 682 ho·

347 709 469 782 minum
485 709 518 772 iu
535 709 718 780 servitutem
734 707 918 792 abripuisse.
964 707 1034 776 Sub
1049 705 1081 772 id
1097 719 1223 791 tempus
1239 707 1422 772 Carnorum

349 793 569 881 istrorumque
590 808 623 860 et
652 792 809 880 iapydum
832 793 927 882 legati
953 805 1127 858 venerunt:
1165 795 1271 858 Duces
1298 795 1356 859 sibi
1382 795 1423 856 ab

349 883 466 946 consule
481 881 587 946 Cassio
605 880 738 964 primum
753 883 924 968 imperatos,
940 882 999 964 qui.
1019 882 1053 944 in
1068 879 1284 945 Macedoniam
1303 880 1424 944 ducenti

350 968 508 1032 exercitum
523 969 583 1031 lter
593 976 807 1030 monstrarent.-
825 977 973 1049 pacatum
988 968 1028 1030 ab
1047 987 1088 1042 ae,
1105 977 1260 1052 tamquam
1275 969 1318 1032 ud
1335 967 1424 1030 aliud

350 1055 454 1119 bellum
466 1054 646 1139 gerendum,
662 1053 781 1118 abisse:
805 1054 876 1116 inde
887 1075 925 1117 ec
939 1054 1038 1117 medio
1052 1073 1215 1136 regressum
1230 1054 1338 1118 itinere
1352 1054 1423 1117 bos-

350 1141 445 1206 tiliter
462 1161 646 1225 peragrasse
656 1138 738 1219 fines
758 1159 849 1204 snos:
889 1141 1002 1221 passim
1026 1138 1210 1223 rapinasque
1230 1150 1260 1202 et
1280 1140 1423 1204 incendia

343 1225 453 1310 sactae
469 1249 521 1291 nec
536 1248 568 1289 se
579 1227 622 1290 ad
632 1227 665 1288 id
678 1230 805 1290 locorum
820 1227 902 1301 scire,
918 1235 1039 1308 propter
1054 1247 1143 1309 quam
1158 1247 1295 1290 caussam
1310 1228 1426 1290 consuli

348 1335 410 1397 pro
440 1312 572 1378 hostibus
591 1310 720 1394 suerint.
764 1313 808 1376 Et
831 1310 944 1399 regulo
969 1311 1138 1378 Gallorum
1160 1311 1293 1389 absenti,
1316 1325 1348 1380 et
1373 1311 1426 1378 his

353 1397 479 1485 populis
500 1419 687 1484 responsum
713 1411 769 1476 est,
798 1398 943 1462 Senatum
969 1419 1016 1474 ea,
1041 1419 1110 1482 quse
1125 1396 1220 1479 sactu
1245 1408 1425 1482 queruntur,

353 1508 450 1570 neque
463 1487 552 1549 scisse
564 1482 690 1566 sutura,
704 1506 796 1568 neque
809 1485 836 1548 si
857 1485 918 1547 sint
931 1482 1035 1566 sacta,
1047 1483 1189 1566 probare.
1233 1479 1294 1550 Sed
1307 1486 1426 1552 indicta

354 1593 465 1640 caussa
493 1571 636 1636 damnari
657 1572 806 1636 absentem
835 1572 1018 1635 consularem
1041 1571 1147 1646 virum,
1176 1570 1317 1655 injurtam
1347 1593 1423 1650 esse,

354 1680 445 1744 quum
466 1659 492 1722 is
512 1657 683 1740 reipublicae
697 1678 806 1722 caussa
828 1657 916 1722 absit.
966 1657 1026 1722 Ubi
1046 1679 1085 1720 ex
1101 1657 1286 1722 Macedonia
1300 1659 1427 1724 redisset

331 1747 394 1828 ¹(l.
419 1745 550 1822 Cassius,
581 1754 655 1822 tum,
677 1745 704 1808 si
733 1765 833 1808 carum
859 1765 925 1808 eum
954 1764 1082 1828 arguere
1106 1743 1224 1820 uellem,
1245 1745 1367 1827 cognita
1391 1769 1427 1810 re

355 1841 489 1908 serratum
503 1833 644 1896 daturum
663 1853 796 1913 operam,
811 1831 856 1894 uti
876 1829 1018 1910 satisfiat.
1063 1828 1132 1894 Nec
1154 1830 1336 1915 responderi
1351 1846 1425 1900 tau-

355 1931 424 1983 tum
446 1918 484 1981 iis
505 1917 661 2004 gentibus,
676 1916 732 1982 sed
752 1916 872 2004 legatos
894 1917 987 1994 mitti,
1004 1916 1085 1980 duos
1104 1915 1146 1980 ad
1166 1916 1312 2002 regulum
1335 1932 1426 1984 trans

356 2003 468 2088 Alpes,
488 2015 554 2068 tres
574 2005 658 2068 circa
679 2026 733 2067 eos
754 2001 891 2088 populos
912 2002 1041 2088 placuit,
1064 2003 1119 2088 qui
1140 2001 1328 2078 indicarent,
1352 2027 1428 2090 quae

357 2090 491 2155 Petrum
521 2090 674 2154 sententia
696 2103 787 2156 esset.
831 2088 973 2154 Munera
1001 2089 1084 2153 mitti
1105 2088 1216 2174 legatis
1239 2113 1279 2154 ex
1304 2090 1428 2157 ”binis

356 2176 497 2244 millibus
533 2177 607 2240 aeris
634 2188 835 2242 censuerunt.
874 2174 999 2252 duobus
1027 2174 1178 2240 fratribus
1208 2176 1325 2277 regulis
1355 2180 1427 2244 haec

261 2275 266 2286 “
357 2264 530 2351 praecipua,
554 2276 682 2351 torques
707 2263 773 2327 dua
793 2262 819 2301 ²¹
830 2284 868 2327 ex
891 2263 1031 2349 quinque
1055 2262 1165 2346 pondo
1190 2262 1367 2345 annulasti,
1393 2277 1427 2330 et

354 2351 381 2391 ²²
392 2374 465 2416 vasa
479 2363 629 2433 argentea
643 2349 783 2437 quinque
797 2370 838 2414 ex
857 2349 970 2436 viginti
986 2349 1106 2433 pondo,
1120 2364 1152 2414 et
1166 2349 1232 2414 duo
1247 2353 1320 2436 equi
1344 2351 1427 2436 pha-

355 2436 448 2504 lerati
473 2459 546 2502 cum
566 2437 767 2522 agasonibus,
783 2448 814 2501 et
832 2436 988 2521 equestria
1002 2457 1093 2501 arma
1114 2455 1179 2500 ecs
1223 2437 1291 2515 ula;
1324 2449 1356 2503 et
1370 2461 1427 2504 co·

355 2524 486 2600 nutibus
507 2545 618 2590 eorum
646 2525 829 2588 vestimenta
852 2521 963 2587 liberis
987 2522 1157 2607 servisque.
1181 2459 1288 2589 8llaec
1310 2524 1426 2590 missa:

356 2610 413 2680 illa
432 2610 613 2695 petentibus
634 2610 717 2686 data,
740 2623 777 2673 ut
790 2609 945 2674 denorum
967 2630 1122 2694 equorum
1137 2609 1175 2672 iis
1197 2613 1427 2677 commercium

358 2708 453 2775 esset,
481 2695 697 2780 educendique
726 2718 768 2762 ex
788 2694 892 2759 ltalia
920 2708 1058 2779 potestas
1086 2694 1187 2760 fieret.
1225 2696 1322 2786 legati
1351 2720 1427 2764 cum

359 2781 463 2848 Gallis
483 2781 569 2849 missi
590 2793 677 2844 trans
693 2781 803 2866 Alpes,
826 2780 866 2848 C.
883 2781 1012 2859 Laelius,
1029 2780 1083 2845 M.
1093 2779 1245 2848 AEmilius
1266 2785 1427 2871 Lepidus:

359 2867 402 3019 alig
430 2879 550 2970 ceteros
576 2865 711 2952 populos
742 2867 780 2934 C.
806 2867 952 2946 Sicinius,
984 2867 1022 2932 P.
1044 2867 1212 2935 Cornelius
1239 2871 1358 2950 Blasio,
1385 2872 1431 2938 T.

403 2976 545 3019 emmtus.

403 3039 464 3106 Vl.
487 3040 665 3106 Multarum
686 3041 781 3106 simul
803 3041 942 3107 Graeciae
967 3042 1114 3129 Asiaeque
1134 3043 1309 3108 civitatium
1331 3045 1432 3134 legati

362 3129 501 3196 Romam
514 3135 742 3192 convenerunt.
787 3129 889 3193 Primi
903 3127 1110 3194 Athenienses
1122 3130 1313 3196 introducti:
1337 3133 1370 3211 ii,
1384 3155 1429 3213 se,

359 3217 442 3300 quod
461 3217 585 3280 nauium
606 3215 762 3280 babumiat
783 3217 979 3300 militumque,
1003 3218 1044 3280 Ρ.
1060 3217 1182 3282 Licinia
1204 3219 1318 3282 consuli
1339 3230 1368 3284 et
1391 3222 1429 3286 C.

359 3302 506 3366 Lucretio
530 3303 655 3384 prestari
678 3302 792 3367 mmmse
815 3313 1044 3388 exposuerunt,
1070 3304 1176 3387 quibus
1199 3326 1248 3368 eos
1275 3327 1333 3370 nau
1360 3327 1432 3374 usos

360 3385 539 3469 ”frumenti
563 3389 622 3452 sibi
644 3399 762 3453 centum
789 3388 889 3452 millia
914 3390 1098 3470 imperasse:
1135 3391 1224 3473 quod,
1247 3413 1433 3478 quamquam

359 3474 487 3540 sterilem
509 3485 621 3540 taram
642 3483 738 3554 urent,
758 3475 896 3560 ipsosque
917 3475 1010 3538 etiam
1032 3486 1167 3560 agrestes
1184 3479 1341 3564 peregrino
1352 3477 1432 3561 sru-

361 3571 463 3626 mento
480 3561 604 3639 alerent,
626 3571 735 3638 tumen,
758 3583 796 3624 ne
817 3561 950 3624 deessent
971 3561 1080 3648 efficia,
1107 3562 1284 3644 confercisse3
1307 3576 1337 3628 et
1351 3566 1433 3650 aba,

361 3669 431 3732 qua
444 3649 674 3730 imperarentur,
687 3657 834 3728 prestare
846 3657 972 3728 puratos
986 3668 1058 3712 esse.
1105 3647 1237 3727 Milesii,
1253 3649 1334 3716 nihil
1347 3674 1434 3738 prae·

361 3733 481 3799 stitisse
508 3745 729 3808 memorantes,
757 3733 887 3819 siquid
916 3732 1074 3816 imperare
1094 3735 1133 3800 ad
1164 3735 1281 3800 bellum
1305 3753 1434 3806 senatus

361 3819 466 3899 vellet,
477 3832 629 3906 praestare
644 3840 677 3884 se
691 3830 818 3904 paratos
832 3841 910 3898 esse,
922 3818 1055 3906 polliciti
1070 3834 1154 3887 sunt.
1192 3823 1433 3894 Alabandenses

397 4033 430 4084 20
445 4035 516 4084 unu
526 4035 628 4084 millibus
637 4039 704 4102 aris]
737 4038 829 4086 Marcis
844 4053 882 4086 ar-
914 4041 937 4086 ts'
948 4039 1037 4104 poulo]
1062 4041 1107 4091 -Ex
1123 4045 1212 4092 marcis
1227 4047 1377 4094 aunarium
1391 4045 1435 4096 31.

359 4101 433 4161 genti
444 4102 591 4148 nostratibus
601 4100 624 4148 3.
636 4105 709 4150 uncia
720 4101 744 4151 1.
915 4106 993 4152 anda
1003 4106 1027 4154 2.
1384 4125 1388 4131 ’

356 4219 361 4228 ,
398 4163 428 4211 21
446 4163 490 4212 Ec
500 4165 759 4231 qulnquepoudaaurt]
783 4167 881 4229 Septem
945 4167 979 4218 28
993 4169 1350 4238 Frumenti-manturanum]
1369 4175 1434 4238 Sup-

355 4230 453 4284 ,marcu
469 4232 625 4287 nostratibus,
641 4232 720 4279 unciis
735 4234 759 4280 6.
781 4245 880 4280 semun-
912 4234 1092 4294 plancarum
1120 4239 1215 4288 Modica
1226 4241 1437 4290 Pariaienaeatcra

365 4293 404 4340 ua
417 4292 439 4358 1,-
917 4297 1006 4347 trost.

399 4357 431 4405 22
452 4358 511 4406 Vara
522 4362 744 4424 argenteaquinque
757 4376 786 4410 ec
804 4363 884 4424 nigrim
