3042 4980
477 205 831 290 PRAEAEATto.
1121 215 1210 292 lxxv

107 409 226 488 etiam
253 435 362 498 voce,
388 407 636 542 consiliisque
661 433 708 486 ac
732 409 884 488 monitis
909 410 1071 490 multum
1090 411 1286 546 adjuuvoroeva
1294 435 1370 484 etum

107 553 242 606 sumus
260 516 401 605 summi
417 525 497 614 riri,
513 549 592 626 quo
609 537 765 603 auctore
780 535 829 602 et
836 528 1029 604 hortatore
1053 528 1127 606 hoc
1146 555 1210 606 nc·
1197 513 1300 636 -ιιιιιιι
1269 513 1371 612 unqe-2.

106 642 203 740 gotii
219 665 526 740 susceperamus,
543 639 603 716 Μ.
623 640 750 719 Caroli
777 640 918 732 Rollin,
936 644 1047 739 cujus
1072 642 1367 741 nomeu³¹¹
1230 630 1365 678 ”um

107 782 188 836 non
204 758 373 836 hominis
388 756 553 852 eliquus
568 757 700 855 magia,
718 783 835 856 qum
849 757 997 836 virtutis
1015 760 1283 867 doctrinm-ff.
1251 759 1349 870 Νι·

108 899 184 972 que
202 872 399 972 proprium
417 872 586 966 videtum
613 872 725 968 cujus
750 873 915 950 famam
905 899 945 950 m
960 875 1108 965 litteris,
1126 829 1342 1012 quiePansam
1298 889 1364 936 ⁰⁸1⁸
1465 885 1470 899 “

102 987 258 1084 jamdiu
276 996 385 1064 tanta
402 988 506 1086 apud
524 1012 597 1066 nos
612 997 704 1076 erat,
722 997 764 1063 ut
788 989 852 1064 vix
875 1002 1014 1089 posset
1032 964 1276 1082 crescereffi

108 1129 204 1182 mox
223 1127 460 1203 peromnem
485 1105 560 1180 late
586 1103 782 1203 Europam
806 1131 987 1204 sparsere,
1008 1117 1047 1184 et
1071 1110 1214 1186 suturo-
1222 1129 1251 1176 ιι
1236 1128 1349 1189 aramis

107 1245 195 1300 rum
214 1219 434 1298 seculorum
451 1219 647 1304 aeternitati
663 1220 795 1318 procul
823 1221 939 1296 dubio
967 1226 1212 1300 commendo
1222 1195 1259 1306 ιιι
1253 1193 1352 1304 ιιιιιῖ011

108 1341 210 1414 bunt
226 1337 375 1432 majora
392 1361 495 1416 omui
484 1336 626 1415 laude
643 1336 807 1436 scripta:
832 1338 996 1437 quibus
986 1363 1026 1414 ιιι
1043 1339 1215 1437 legendis
1285 1367 1288 1376 ’

110 1455 464 1554 voluptatemque
490 1479 639 1532 summa
664 1465 733 1542 est,
752 1455 865 1554 longe
890 1466 1093 1554 exsuperat
1119 1455 1216 1534 utili·

111 1583 197 1661 tas;
229 1594 318 1668 quae
343 1583 461 1669 quum
485 1581 525 1646 et
550 1570 653 1648 omni
680 1570 906 1670 eloquentiae
934 1581 1068 1648 ornatu
1095 1573 1219 1672 splen-

112 1689 244 1773 deant,
267 1692 307 1759 et
321 1684 434 1762 simul
450 1687 642 1784 ingentem
660 1687 842 1765 doctrinae
866 1688 1086 1779 ubertatem,
1107 1688 1218 1765 simul

112 1804 290 1880 limatum
307 1813 345 1878 et
357 1803 413 1877 ‘ad
431 1802 631 1901 purissima
648 1802 885 1902 antiquitatis
898 1803 1130 1903 exemplaria
1143 1805 1218 1884 ela·-
1279 1889 1282 1902 ‚
1373 1897 1376 1906 Ι

111 1921 291 1998 boratum
307 1927 463 2016 gustum
479 1942 614 2018 praese
631 1920 764 2006 ferant,
779 1929 860 1995 tum
880 1943 966 1995 vero
984 1923 1218 2019 eopiabonoe

108 2036 245 2134 nugis,
264 2034 514 2112 informandis
529 2034 581 2110 ud
609 2057 760 2110 omnem
786 2034 1023 2112 honestatem
1052 2036 1219 2114 moribus
1315 2103 1316 2108 ι

111 2153 268 2240 idonea,
295 2151 350 2226 ita
374 2148 532 2248 gravida
555 2159 596 2230 ¹et
620 2151 755 2226 referta
784 2161 884 2240 sunt,
914 2162 955 2226 ut
981 2152 1125 2229 nullum
1153 2179 1219 2228 un-

111 2293 232 2370 quam
249 2291 348 2367 opus
366 2264 542 2341 omnibus
559 2291 644 2365 quae
661 2265 835 2340 virtutem
853 2267 1072 2348 homiuibus
1092 2269 1219 2347 conci·
1293 2327 1295 2336 .

112 2386 207 2461 liare
231 2393 395 2484 possunt
419 2381 618 2460 lenociniis
643 2381 860 2458 instructius
894 2382 1028 2460 litterae
1055 2383 1219 2481 protule-

112 2501 203 2596 rint,
219 2509 352 2599 utque,
362 2501 487 2597 ‘quum
503 2491 708 2596 ingenium¹
724 2495 921 2580 scribentis
947 2497 1116 2578 maxima
1140 2499 1218 2576 fuer·

111 2616 165 2694 ris
182 2614 435 2694 admiratione
451 2622 687 2712 prosecutus,
707 2611 874 2691 animum
891 2623 930 2688 et
946 2625 1081 2712 pectus
1106 2615 1221 2713 longe

111 2733 264 2810 acriore
293 2728 434 2834 amoris
455 2740 502 2804 et
532 2728 783 2808 venerationis
817 2755 942 2804 sensu
967 2731 1221 2829 amplectaris.

111 2849 224 2926 Talis
241 2856 447 2946 tantusque
463 2845 693 2934 moderator,
713 2845 823 2941 cujus
841 2846 912 2921 sub
926 2846 1130 2947 disciplina
1142 2859 1220 2924 stu-

113 2966 180 3041 dia
197 2964 294 3040 olim
311 2987 395 3038 mea
413 2963 667 3049 adoleverant,
685 2961 751 3060 qui
769 2961 858 3037 mihi
876 2987 1026 3062 semper
1049 2964 1137 3041 loco
1154 2991 1222 3064 pa-

112 3080 231 3158 rentis
258 3078 329 3154 fuit
354 3077 510 3176 eritque,
538 3071 625 3157 huic
652 3101 806 3175 quoque
835 3077 875 3152 in
903 3077 1011 3154 Livio
1041 3079 1223 3180 interpre-

113 3198 238 3274 tando
262 3194 382 3272 labori
407 3192 571 3293 praefuit.
624 3192 707 3288 Ille,
734 3203 775 3268 ut
801 3204 858 3270 est
883 3194 1027 3294 impetu
1051 3198 1223 3296 quodam

113 3311 233 3390 animi
251 3311 506 3412 instinctuque
522 3310 562 3384 in
586 3309 626 3388 id
653 3333 766 3386 omne
791 3311 897 3410 quod
923 3312 1125 3390 honestum
1150 3325 1221 3403 est,

108 3430 224 3506 etad
252 3427 442 3528 publicam
468 3424 668 3506 utilitatem
693 3437 854 3524 spectat,
883 3451 970 3502 acer
994 3437 1034 3503 et
1059 3438 1220 3518 erectus,

112 3572 182 3646 per
199 3545 346 3644 aliquot
362 3568 484 3619 anuos
503 3542 611 3621 statis
628 3541 762 3618 diebus
780 3543 939 3620 domum
957 3545 1007 3620 ed
1026 3568 1086 3619 me
1104 3545 1223 3622 venti-

113 3662 223 3749 tavit,
242 3669 287 3736 ut
304 3683 391 3736 cum
402 3658 629 3758 quibusdam
644 3657 726 3734 aliia
741 3657 957 3735 clarissimis
969 3685 1018 3734 ex
1031 3659 1224 3737 Universi-

113 3789 194 3854 tate
208 3774 428 3867 Parisiensi‚
439 3799 486 3849 ac
496 3773 700 3874 praesertim
713 3799 759 3848 ex
774 3765 890 3850 hocce
903 3775 1111 3873 Gymnasio
1125 3775 1224 3854 Dor-

115 3891 458 3970 mio-Bellovaco
475 3887 662 3988 magistris
681 3889 789 3966 Livio
807 3893 1042 3968 recensendo
1069 3917 1222 3992 operam
1268 3961 1273 3972 ι

115 4004 366 4110 impenderet.
419 4009 527 4092 Quos
554 4031 685 4085 omnes
703 4006 734 4081 si
758 4031 1053 4084 commemorare
1071 4010 1220 4099 vellem,

116 4137 152 4202 et
166 4125 326 4202 meritas
343 4122 479 4221 cuique
497 4121 686 4220 impertire
702 4123 849 4211 laudes,
866 4141 994 4200 vereor
1016 4151 1063 4202 ne
1081 4126 1121 4202 in
1139 4127 1221 4201 lon-

13 4263 14 4268 ‘
115 4269 198 4340 gum
217 4237 639 4342 protraheretur-oratio
658 4263 752 4317 mea.
