3056 4976
352 204 389 222 ⁸
472 249 867 316 mammonam
1009 345 1012 350 Ι
1182 265 1199 318 s

126 403 303 503 imperant,
320 429 358 482 ut
378 419 540 506 graviores
558 432 653 484 aetate
677 418 910 484 milites'birios
930 419 961 483 iit
988 441 1025 484 ea
1042 417 1234 506 jumentam.
1248 433 1343 497 arrii
1413 449 1415 454 ·

131 525 171 568 cx
189 505 308 591 quibus
322 525 421 568 onero
434 503 554 592 dejecta
568 517 668 582 erant,
681 506 854 590 inponant=
877 508 996 594 equites
1007 520 1043 570 ut
1058 507 1233 594 angulose
1247 511 1274 558 G
1289 518 1343 562 ¹⁷⁸·

130 611 148 653 e
157 589 332 674 juvenibus
346 591 465 676 pedites
480 611 586 656 secum
602 593 634 656 in
656 613 757 678 equos
777 591 898 658 tollant.
944 595 1112 678 Egregium
1127 593 1202 679 glo

128 680 211 740 riom
226 680 358 763 legionis
367 678 454 762 fore,
469 681 498 742 si
519 689 633 756 costra,
647 690 727 744 metu
746 681 983 743 secmtdonorom
1002 682 1125 760 omisso,
1140 691 1197 746 suo

123 765 244 828 virtute
263 766 440 846 recipiunt:
462 775 492 828 el
510 767 724 850 recipificile
737 785 807 841 esse,
822 767 851 828 si
873 767 908 828 in
924 767 1036 848 prola
1057 771 1197 850 occupati

126 850 610 933 borborisubito'odprimantrtr:
632 854 710 917 aeut
718 853 864 934 ceperint,
875 871 965 934 posse
974 855 1057 934 copi.
1102 853 1196 917 Sum-

126 957 181 1018 ma
196 935 334 1000 militum
356 933 519 1000 alacritate
539 935 720 1001 adhortatio
733 936 841 1000 audita
862 949 919 1000 est.
964 936 1085 1002 Ferunt
1107 940 1194 1004 citati

125 1024 230 1109 signa,
249 1043 306 1086 nec
328 1021 493 1110 signiferos
514 1023 624 1087 armati
647 1035 826 1088 morantur:
851 1023 970 1109 priores
993 1025 1098 1088 mnren
1118 1047 1195 1090 con·

121 1109 175 1172 'sul
192 1109 369 1194 copiaeque,
385 1129 457 1194 quae
471 1132 490 1173 a
505 1110 586 1173 mari
604 1106 846 1188 reducebantui,
862 1109 902 1172 od
919 1108 1035 1173 vallum
1057 1131 1194 1178 secesse-

123 1207 215 1258 runt.
261 1194 301 1258 L.
314 1196 418 1272 Atius,
431 1196 577 1260 tribunus
592 1197 713 1280 primus
724 1195 870 1260 secundae
885 1195 1027 1280 legionis,
1042 1217 1104 1260 oon
1119 1195 1193 1262 hor·

126 1281 260 1346 tabstur
284 1280 382 1344 modo
404 1281 527 1358 milites,
551 1285 604 1346 sed
625 1281 760 1348 docebat
781 1283 885 1360 etiem,
902 1283 939 1347 Si
960 1285 1086 1347 uictores
1109 1285 1191 1360 lstri,

122 1369 235 1452 quibos
249 1369 346 1431 armis
359 1370 505 1451 cepissent
518 1378 632 1446 castro,
649 1371 754 1434 iisdem
776 1379 868 1451 copto
889 1370 1070 1432 retinerem
1089 1371 1193 1434 auimo

122 1455 285 1530 luberent,
300 1455 430 1536 primum
445 1464 565 1518 erutum
578 1458 691 1520 castris*
701 1457 813 1543 hostem
827 1457 871 1518 od
890 1477 975 1518 more
982 1466 1192 1536 persecuturos

109 1541 229 1625 foisse,
242 1542 354 1603 deiude
360 1542 507 1606 stationes
517 1551 598 1605 certe
605 1563 668 1625 pro
678 1544 760 1606 vallo
770 1541 936 1605 habituros.
952 1544 1023 1605 vitto
1033 1563 1192 1628 solutioque

123 1628 294 1691 verisimile
308 1637 369 1690 csse
383 1649 492 1691 mersos
495 1626 615 1710 jacere.

169 1714 227 1777 IV.
253 1712 321 1778 Sub
354 1711 422 1776 haec
447 1715 488 1778 A.
514 1713 732 1778 Baeculonium
758 1712 941 1800 signiferum
971 1735 1073 1790 suum,
1104 1727 1190 1780 notra

120 1797 321 1864 fortitudinis
345 1799 459 1878 virum,
479 1799 597 1863 inferre
622 1801 747 1884 signum
777 1799 874 1863 'ussit
919 1799 1022 1875 1⁰Ille,
1039 1800 1064 1863 si
1091 1821 1191 1864 unum

7 1935 8 1946 ,
120 1909 156 1948 se
176 1898 396 1972 sequerentur,
411 1907 474 1970 quo
496 1886 628 1949 celerius
650 1885 750 1962 fieret,
763 1821 941 1950 fleturume
958 1885 1058 1950 dixit:
1080 1885 1190 1950 conni-

120 1993 250 2060 susque,
272 1993 370 2058 qaum
394 1984 480 2035 trans
495 1971 611 2036 vallum
635 1971 759 2058 signum
781 1972 960 2056 trajecisset,
976 1973 1100 2058 primus
1120 1995 1189 2038 om·
1197 1995 1348 2056 assumam

120 2061 214 2122 nium
235 2073 363 2142 portam
386 2061 524 2122 intravit.
570 2059 612 2121 Et
634 2070 723 2143 parte
744 2057 796 2122 alii
810 2060 849 2123 Τ.
861 2072 894 2122 et·
909 2058 947 2124 C.
964 2058 1057 2136 AElii,
1069 2057 1189 2124 tribuni
1198 2057 1298 2114 “ml

120 2145 263 2208 rnilitum
278 2145 381 2208 tertiae
395 2143 538 2232 legionis,
554 2166 625 2208 cum
649 2144 791 2230 equitatu
810 2145 991 2210 adveniunt.
1014 2145 1188 2225 confestim,

119 2245 152 2296 et
174 2255 257 2318 quos
284 2231 375 2295 binos
397 2232 541 2295 oneraria
567 2231 598 2293 in
620 2231 764 2316 jumenta
787 2231 1003 2315 inposuerant,
1024 2234 1131 2307 secuti,
1158 2247 1190 2298 et

120 2317 237 2382 consul
260 2339 333 2381 cum
359 2329 428 2381 toto
449 2317 583 2404 agmine.
629 2317 674 2380 At
697 2317 853 2380 istrorum
877 2317 981 2396 pauci,
995 2317 1050 2402 qui
1066 2318 1189 2383 modice

120 2405 224 2468 vinosi
255 2415 356 2479 erant,
387 2425 540 2468 memores
568 2402 696 2466 fuerunt
724 2401 828 2488 fugae;
865 2402 935 2466 eliis
963 2423 1074 2466 somno
1104 2423 1189 2468 mors

119 2491 308 2555 continuata
323 2503 386 2553 est:
409 2490 597 2576 integraque
612 2511 667 2552 sus
689 2489 798 2552 omnia
814 2488 962 2565 Romani,
977 2501 1190 2575 praeterquam

119 2577 291 2663 quod-sini
311 2576 436 2662 cibique
457 2581 638 2640 obsumtum
660 2587 737 2651 erat,
760 2588 957 2660 receperunt.
1001 2573 1096 2660 AEgri
1111 2597 1189 2662 quo·

88 2737 92 2755 ,
120 2687 186 2750 que
207 2662 332 2740 milites,
350 2661 403 2746 qui
434 2663 465 2726 in
493 2663 604 2727 castris
630 2661 732 2727 relicti
751 2659 891 2737 fuerant,
912 2675 1079 2748 postquam
1106 2663 1189 2727 intra

95 2806 97 2821 ,
120 2751 242 2814 vallum
262 2771 335 2812 suos
357 2761 534 2828 senserunt,
549 2749 645 2812 armis
666 2748 810 2832 arreptis,
826 2751 944 2812 caedem
967 2747 1128 2834 ingentem
1142 2748 1188 2812 la·

93 2850 101 2876 t
120 2847 247 2900 cerunt.
293 2837 379 2898 Ante
394 2855 504 2898 omnes
522 2835 654 2922 insignis
676 2854 772 2920 opera
792 2833 853 2898 fuit
868 2833 907 2898 C.
921 2834 1049 2918 Popillii
1064 2836 1188 2922 equitis.

121 2921 256 2988 Sabello
270 2941 447 3006 cognomen
470 2933 546 2985 erat.
569 2922 607 2998 is,
623 2921 705 3006 pede
727 2920 992 2998 saueio‘relictus,
1007 2920 1103 3007 louge
1117 2921 1187 3006 plu·

120 3007 242 3072 rimosf
265 3005 403 3071 hostium
434 3007 559 3072 occidit.
605 3010 655 3071 Ad
690 3021 763 3072 octo
791 3006 890 3070 millia
920 3005 1075 3071 Istrorum
1114 3021 1188 3074 suat

119 3115 213 3172 caesa,
229 3105 342 3178 eaptus
356 3113 460 3170 nemo,
476 3094 550 3180 quia
565 3093 611 3158 ira
626 3105 657 3158 et
674 3093 738 3158 indi
786 3094 850 3158 atio
864 3094 1054 3157 inmemores
1068 3095 1187 3184 praedae

119 3180 204 3246 lecit.
252 3179 324 3244 Rex
346 3191 451 3243 tamen
467 3179 632 3258 Istrorum,
655 3193 743 3244 ternu
753 3192 846 3244 entus
869 3201 909 3243 ex
934 3182 1092 3256 convivio,
1113 3202 1188 3265 rap·
1247 3193 1251 3200 '

120 3269 177 3331 tim
193 3291 214 3330 a
229 3267 293 3330 suis
310 3267 342 3328 in
357 3287 473 3352 equum
488 3266 652 3350 inpositus,
667 3265 759 3352 fugit.
805 3265 857 3329 Ex
873 3265 1044 3345 victoribus
1059 3266 1188 3332 ducenti

117 3353 251 3442 triginta
273 3365 392 3437 septem
411 3351 526 3418 milites
547 3352 721 3438 perierunt,
736 3350 843 3437 plures
864 3351 899 3414 in
924 3353 1079 3417 matutino
1099 3353 1186 3441 iugi,

120 3463 215 3526 quam
231 3439 266 3503 in
283 3437 471 3523 recipiendis
486 3439 605 3503 cestris.

164 3526 204 3590 V.
230 3526 327 3592 Forte
349 3525 394 3590 ita
407 3525 519 3602 evenit,
536 3543 572 3588 ut
587 3523 647 3588 Cn.
664 3537 695 3588 et
711 3523 750 3591 L.
766 3523 906 3601 Gavillii,
923 3524 1067 3590 11novelli
1083 3526 1186 3612 Aqui-

119 3613 265 3689 leienses,
287 3632 361 3674 eum
388 3625 566 3676 commeatu
591 3611 763 3690 venientes,
784 3609 888 3696 ignari
909 3631 1010 3696 prope
1030 3611 1064 3674 in
1094 3626 1187 3696 capta

120 3713 224 3764 eastra
254 3699 295 3762 ab
319 3697 409 3761 istris
434 3697 619 3762 inciderent.
664 3697 702 3776 li,
729 3719 828 3783 quum
853 3696 1042 3782 Aquileiam,
1068 3697 1186 3762 relictis
1194 3721 1337 3772 Terraene.

120 3784 353 3872 inpedimentis,
376 3781 573 3872 refugissent,
597 3785 705 3848 omnia
734 3799 854 3848 terrore
883 3803 922 3847 ae
944 3783 1094 3860 tumulto,
1118 3800 1246 3848 nonme·

333 3923 475 3986 ‘jactorum
487 3925 554 3970 θην.
604 3989 607 3998 ¹
651 3915 804 3984 ‘plurem
813 3924 889 3970 Gran.
903 3923 972 3972 Cres.

152 4045 182 4086 ιο
199 4039 638 4099 Ιὶἱεμὲκηηηιικῃηηυυν...
666 4035 1185 4094 jubebatumcdjaeturumsigauurineas.

117 4106 241 4164 jucturam
264 4099 343 4165 duit]
373 4103 441 4148 Nihil
466 4101 570 4162 apertius
589 4103 637 4159 cst,
669 4109 715 4159 tra,
734 4114 781 4161 quo
802 4101 903 4148 celerius
919 4113 957 4146 res
973 4107 1130 4159 perageretur,
1145 4115 1184 4150 ao·

123 4183 190 4230 quam
207 4169 418 4226 tortesmanse
429 4167 567 4228 facturum,
579 4179 638 4226 quo·
671 4167 747 4214 mosis
763 4167 868 4226 periculo
883 4165 1032 4223 ignominia,
1048 4166 1069 4211 si
1088 4167 1184 4228 signum

122 4237 189 4282 morlo
207 4236 311 4297 scriptas
331 4233 424 4286 babuit,
442 4235 484 4280 scd
499 4233 639 4293 jaruman,
671 4232 828 4288 amitteretur,
841 4231 964 4278 militibus.
1050 4277 1052 4286 ,
1136 4249 1139 4257 ¹

124 4315 173 4362 qua
193 4301 312 4350 Gronovii
334 4299 467 4350 emendatio
494 4304 539 4345 est.
571 4297 640 4344 Dicit
704 4302 730 4342 rt
749 4294 1029 4358 Novellidquileieussr]
1052 4297 1101 4348 Qui
1117 4302 1186 4346 esset

123 4365 191 4422 istor
201 4367 310 4424 signiter,
322 4365 343 4410 si
354 4364 425 4411 soteri
436 4374 512 4410 unam
528 4377 555 4410 ω
570 4365 639 4421 sequi
669 4362 785 4410 ec'olonis
793 4369 849 4410 ante
860 4362 991 4410 triennium
1000 4361 1134 4422 Aquileiam
1146 4365 1185 4410 dc-

125 4433 281 4492 rcllcnt,uon
300 4431 373 4480 moto
389 4431 511 4478 illaturum
528 4443 564 4488 se,
574 4429 638 4488 qwd
670 4429 753 4476 ductis.
769 4447 773 4452 ·
788 4429 983 4490 espistolae.
995 4433 1036 4478 8⁴·
