3042 4980
489 203 834 286 remanare.
1116 207 1206 329 ¹inu

111 406 321 506 perirentm
342 405 410 506 qui
438 432 566 507 parem
581 407 781 485 ¹veteribus
812 405 942 506 adepti
968 405 1133 482 lauream
1158 405 1204 483 iis

112 522 336 615 assiderent,
353 524 392 598 iu
417 523 592 602 inferiore
609 525 741 623 procul
757 524 875 601 dubio
893 524 1113 608 consistere,
1122 547 1205 619 gra·

112 639 163 714 du
185 639 412 728 debuamnt,
430 639 495 740 qni
513 667 563 716 ae
589 640 774 718 veteribus
790 639 983 716 inferiores
1004 662 1090 714 asse
1105 638 1207 735 ultio·

112 757 397 853 profitebantur,
412 765 597 844 eteorum
611 755 745 856 procul
762 757 921 832 adorare
939 755 1096 854 vestigia
1112 754 1205 838 satis

112 871 330 946 habuerant.
809 863 812 870 ⁴

159 985 200 1061 N
203 1007 265 1062 eo·
278 1010 367 1062 vero
391 986 488 1062 intra
516 1012 604 1062 eum
636 988 793 1065 modum
818 1013 878 1064 res
904 988 1019 1064 stetit.
1070 985 1203 1063 Nostri
1211 1005 1274 1052 rum
1291 1005 1366 1052 etum

111 1102 295 1190 homines,
316 1113 520 1201 postquam
538 1129 627 1178 suas
645 1104 789 1202 experti
806 1077 1369 1202 vires‚satissibip1a-il⁰iil¹ll.⁸'

12 1219 13 1222 ’
110 1241 235 1307 caere,
255 1218 453 1316 magistros
465 1219 549 1314 jam
565 1244 654 1297 suos
670 1229 1103 1318 premonstratoresque,
1122 1205 1366 1324 exi-{lgfflsst

109 1333 207 1411 mios
224 1332 314 1410 illos
331 1333 419 1410 dieo
433 1335 888 1434 antiquitatisseriptores,
903 1335 1040 1434 quibus
1051 1335 1126 1412 boc
1137 1336 1203 1412 de·
1211 1341 1294 1378 ”m

108 1447 279 1543 bebatur,
294 1451 403 1548 quod
420 1451 590 1549 sepultus
605 1451 751 1528 tamdiu
768 1461 808 1526 et
822 1450 1086 1530 intermortuus
1104 1450 1204 1527 litte·-

109 1573 235 1640 rarum
247 1565 371 1642 bonos
386 1565 545 1642 tandem
557 1565 764 1656 revixisset,
779 1566 960 1652 insectari
976 1567 1201 1658 sustinuere,

109 1694 144 1756 et
158 1681 248 1760 illos
265 1683 474 1780 premendo
497 1707 582 1758 sese
604 1684 785 1760 extollere
807 1687 937 1762 eonati
955 1694 1055 1762 sunt.
1109 1683 1149 1760 N
1152 1705 1202 1760 ou

110 1821 243 1874 omnes
260 1797 431 1896 quidem,
447 1821 516 1876 nec
533 1797 559 1873 ii
575 1823 669 1874 sane
693 1801 759 1899 qui
781 1800 997 1898 ambiguam
1014 1799 1201 1876 veteribus

109 1914 279 2010 palmam
294 1913 507 2005 faciebant3
534 1915 603 1990 sad
625 1915 919 2013 ingeniosissimi
937 1925 1063 1990 tamen
1078 1915 1200 1992 bomi-

107 2053 184 2118 ues,
198 2039 240 2104 et
251 2029 523 2128 ephilosopbia
535 2031 615 2120 toti,
630 2057 714 2131 qua·
724 2034 1047 2133 quemadmodum
1061 2031 1201 2109 salubu'

109 2147 225 2221 modo
257 2154 512 2244 attemperata,
547 2173 687 2246 magno
713 2158 752 2223 et
785 2147 1008 2249 eloquentia
1035 2159 1073 2226 et
1096 2147 1201 2247 poesi

108 2268 331 2336 ornamento
358 2286 403 2336 ac
428 2261 602 2359 praesidio
629 2287 713 2340 esse
737 2273 875 2362 potest,
902 2264 954 2342 ita
987 2264 1100 2338 miras
1125 2263 1203 2352 ciet

107 2377 249 2467 turbas,
268 2375 300 2451 si
317 2378 369 2451 ad
382 2377 465 2472 ejus
478 2403 649 2454 normam
667 2377 795 2454 omnia
812 2379 1020 2476 exigantur,
1037 2389 1075 2452 et
1090 2377 1202 2452 liber-

106 2493 222 2568 rimus
238 2503 361 2592 poetae
378 2491 611 2594 oratorisque
628 2495 790 2591 impetus
807 2503 845 2568 et
866 2493 1073 2592 quemdam
1089 2492 1200 2591 quasi

105 2609 645 2700 fumusafflatum,exseverae
659 2608 992 2707 argumentationis
1003 2609 1200 2708 prascrip-

105 2733 143 2800 to
161 2725 311 2800 frenare
326 2723 411 2823 quis
430 2724 530 2804 velit.
582 2725 733 2804 Horum
750 2726 893 2802 ducum
917 2725 1027 2824 signa
1043 2749 1200 2802 nomen-

105 2865 176 2938 que
193 2863 275 2915 noo
291 2839 532 2938 poenitendus
549 2851 735 2942 sequutus
752 2851 812 2918 est
827 2840 1080 2940 gregariorum
1098 2843 1200 2918 velut

104 2954 267 3032 militum
284 2979 471 3045 uumerus,
485 2957 549 3055 qui
574 2958 623 3034 ab
637 2957 924 3058 omni·plerique
940 2957 1116 3036 doctrina
1131 2960 1198 3036 de·

104 3070 236 3160 sumti,
254 3095 322 3146 eos
346 3097 446 3170 quos
471 3072 534 3148 vix
561 3099 607 3149 ac
633 3097 681 3151 ne
707 3075 770 3150 vix
792 3074 950 3174 quidem
975 3073 1200 3172 intelligunt,
1231 3167 1233 3172 Ι

105 3211 271 3288 carpere,
290 3186 482 3278 vellicare,
502 3189 674 3267 allatrare
700 3189 771 3266 sibi
795 3188 900 3268 leudi
924 3176 1009 3266 oss'a
1026 3188 1198 3267 ducunt:

103 3328 299 3404 quumque
313 3319 444 3382 eorum
462 3308 679 3385 obtrectant
694 3306 833 3406 glorim
848 3329 943 3406 quos
962 3304 1087 3381 omnis
1098 3317 1199 3389 retro

103 3421 239 3496 mirata
254 3429 315 3496 est
330 3431 508 3511 vetustas,
525 3445 623 3523 quos
639 3421 764 3498 mirati
788 3432 878 3498 sunt
903 3421 929 3497 ii
955 3446 1109 3522 quoque
1132 3422 1199 3520 qui

105 3537 205 3634 apud
222 3561 296 3612 nos
312 3535 352 3612 iu
370 3538 473 3614 omni
486 3538 673 3615 scribendi
689 3561 829 3638 gauere
847 3537 1017 3625 floruere,
1038 3547 1119 3614 turn
1137 3561 1198 3611 ve·

104 3677 143 3728 ro
159 3652 239 3728 diei
255 3677 335 3730 non
351 3663 488 3752 potest,
506 3679 584 3754 quo
604 3663 823 3754 contemptu
839 3663 1118 3757 prosequantur
1130 3677 1199 3730 eos

105 3769 165 3867 qui
180 3769 221 3844 in
238 3768 782 3870 scrutandisillustrandisque
799 3779 963 3846 veterum
979 3793 1198 3844 monumen-

107 3882 150 3958 tis
165 3884 391 3962 industriam
408 3909 515 3962 suam
533 3887 630 3962 bene
645 3888 810 3964 locatam
833 3885 1070 3962 existimant:
1098 3884 1198 3962 adeo

108 4008 146 4072 ut
160 3999 289 4097 ipsum
312 4001 454 4078 unda
471 4027 612 4080 noman
636 4004 742 4102 apud
769 4027 835 4080 eos
862 4000 902 4076 in
926 3999 1198 4079 contumeliam

109 4115 265 4192 verterit.

151 4232 215 4308 Ab
230 4232 395 4316 istorum
404 4233 616 4312 maledictis
633 4232 826 4310 vindicare
843 4241 986 4310 veteres
1003 4259 1074 4309 nec
1088 4234 1197 4330 huJos
