3154 4984
510 181 714 258 LIBROR.
747 139 977 250 DEPERDE'
1210 197 1269 259 287

213 343 346 411 nsoenu
368 354 492 414 tentum
515 357 672 412 senatores
696 359 797 426 mant,
819 351 957 416 macenti
979 350 1100 436 equites
1123 355 1271 422 trecentis

216 430 413 496 senatoribus
428 431 693 500 admiscerentur:
715 435 749 498 id
770 445 825 513 est,
845 445 878 500 ut
900 446 1035 521 equester
1049 441 1122 504 ordo
1141 441 1186 504 bis
1203 450 1271 506 tan-

214 524 279 580 tum
291 517 402 582 uirium
415 519 446 582 iu
463 529 567 584 senatu
582 521 712 596 bpbcret.
735 529 775 598 et,
791 523 963 588 continuato
975 525 1009 587 in
1020 523 1148 590 alterrm
1161 547 1272 593 annum

214 602 377 702 tribuerant,
399 605 514 690 legibus
538 607 675 691 agrariis
697 607 767 671 latis
784 609 889 696 effecit,
908 618 945 672 ut
965 611 1129 695 complures
1149 613 1274 678 colonia

213 709 246 752 sn
268 689 366 755 Italia
388 693 609 770 deducerentur,
633 701 665 756 et
687 714 749 758 uno
770 694 803 758 in
826 695 889 759 solo
913 696 1022 760 dirrrtae
1045 698 1251 784 Karthaginis
1258 732 1272 774 ,·

215 795 284 861 quo,
299 777 363 857 ipse
380 778 514 844 tmsmuir
534 789 666 858 creabu,
680 779 827 845 coloniam
845 782 978 846 deducit.
1022 784 1177 848 Pretereo
1190 806 1238 850 res
1252 806 1274 850 o

218 862 257 936 Q.
273 863 400 928 Metello
424 865 545 930 consule
569 867 713 931 adversm
732 867 877 931 Baliares
898 877 1004 952 gestas
1029 871 1175 934 continet:
1196 891 1274 956 quas

217 947 322 1014 Grani
351 951 532 1035 Gymnesiae
559 951 724 1034 adpellant,
738 953 826 1036 ‘quia
853 964 987 1019 astarem
1016 956 1091 1019 nudi
1125 958 1274 1044 erigant:

212 1033 385 1100 ”Baliares
408 1059 430 1101 a
449 1037 502 1102 teli
525 1037 618 1103 missu
641 1037 799 1122 adpellari,
823 1050 914 1105 outa
935 1039 1045 1118 Boleo,
1062 1041 1202 1107 Herculis
1224 1065 1275 1108 co·

214 1121 297 1198 mite,
313 1123 354 1187 ibi
366 1123 469 1187 relicto
487 1133 567 1201 lunc,
589 1146 680 1209 quum
697 1123 843 1190 Hermles
862 1127 905 1190 ad
920 1124 1090 1212 Geryonem
1104 1131 1273 1214 navigaret.

216 1207 324 1272 Motus
345 1231 456 1294 qnoque
479 1209 577 1296 Syria
601 1210 779 1295 referuntur,
794 1212 827 1274 in
852 1213 968 1297 quibus
984 1213 1147 1297 Cleopatra
1163 1217 1274 1280 Deme-

219 1295 306 1359 trium
328 1296 423 1360 vuum
442 1317 527 1361 strum
548 1305 577 1360 ct
597 1297 749 1362 Seleucum
760 1295 875 1375 filium,
890 1298 1052 1383 indignato
1071 1304 1158 1384 quod,
1179 1304 1276 1368 occiso

195 1405 197 1412 ’
214 1390 301 1464 patre
315 1381 409 1468 eiuro
423 1404 465 1463 se,
475 1380 589 1468 im'ussu
602 1403 659 1448 sno
673 1385 819 1448 diadema
832 1386 996 1464 sumsisset,
1010 1387 1167 1464 interemit.

595 1637 600 1646 -
688 1576 804 1660 LXI.

262 1737 299 1803 G.
310 1737 426 1802 Seston
432 1739 600 1818 proconsul,
609 1737 898 1804 uictaSalluoiorum
905 1749 1004 1824 gente,
1013 1739 1159 1806 coloniam
1168 1739 1279 1824 Aquas

217 1823 343 1890 Sestias
353 1825 495 1902 condidit,
505 1823 729 1907 ⁷⁹obaquamm
740 1826 856 1907 copiam
866 1847 883 1888 e
893 1827 1003 1890 calidis
1009 1824 1278 1912 frigidisqueson·

219 1910 305 1991 tibica
322 1921 411 1995 atque
426 1931 446 1974 a
460 1910 577 1975 nomine
587 1932 641 1974 suo
654 1910 700 1974 ita
714 1911 896 1992 adpellatas.
919 1913 974 1976 Gn
986 1913 1144 1978 Domitius
1153 1934 1280 1995 procon-

216 1999 418 2062 suladoersus
431 1997 611 2082 Allobrogas
625 1999 668 2062 ad
680 1998 822 2079 oppidum
838 1997 1010 2070 lindalium
1015 1997 1148 2080 feliciter
1159 2021 1280 2083 pugna·

217 2085 270 2150 uit.
312 2084 429 2159 Quibus
449 2084 556 2149 bellum
574 2081 725 2164 inferendi
745 2103 852 2148 caussa
857 2082 934 2165 ficit,
948 2089 1027 2172 quod
1046 2087 1279 2164 Tentomolium,

218 2171 422 2239 Salluuiorum
430 2192 542 2255 regem,
544 2166 717 2256 fugientem
725 2169 910 2252 recepissent,
921 2181 950 2233 et
961 2172 1041 2235 omni
1050 2193 1105 2254 ope
1109 2171 1259 2256 juvissent
1266 2197 1281 2248 ,-

219 2259 357 2344 qrrodque
370 2257 545 2345 AEduonrm
557 2277 660 2342 agros,
672 2256 818 2320 sociorum
831 2257 934 2339 populi
942 2258 1087 2334 Romani,
1103 2266 1281 2323 vastassent.

218 2347 259 2411 G.
277 2345 440 2420 Gracchus,
449 2344 588 2407 seditioso
599 2339 855 2424 tribunatusocto,
868 2363 959 2426 quum
972 2344 1152 2408 Auentinum
1167 2363 1283 2429 quoque

219 2441 343 2496 armato
353 2427 546 2494 multitudine
553 2438 734 2512 occupasset,
747 2449 768 2491 a
776 2429 818 2492 L.
830 2427 951 2511 Opimio
960 2429 1086 2507 consule,
1099 2451 1138 2494 err
1147 2439 1283 2494 senonu-

219 2517 350 2583 cmtsulto
364 2526 470 2581 vocato
485 2519 527 2581 ad
537 2537 625 2580 crrna
635 2515 754 2600 populo,
764 2515 869 2598 pulsus
879 2524 909 2582 et
923 2515 1037 2578 occisus
1046 2525 1106 2592 est,·
1128 2525 1156 2579 et
1170 2537 1234 2580 cum
1249 2537 1284 2579 eo

220 2605 347 2670 rutam
360 2602 487 2668 Flaccus
499 2601 673 2682 consularis,
688 2603 783 2666 socius
803 2598 1070 2685 eiusdemsuroris.
1116 2603 1156 2677 Q.
1169 2601 1285 2666 Fabius

224 2692 380 2756 Maximus
389 2689 498 2766 consul,
513 2688 618 2753 Paulli
627 2710 724 2770 nepos,
736 2689 879 2753 aduersus
887 2689 1073 2772 Allobrogas
1083 2697 1113 2753 et
1122 2689 1283 2766 Bituitum,

223 2778 428 2844 Aruernorum
437 2797 548 2862 regem,
551 2773 687 2856 feliciter
692 2774 854 2860 pugnauit.
876 2775 1051 2839 EcBituiti
1062 2775 1287 2839 eamcitucaesa

203 2863 318 2928 millio
333 2863 483 2928 bominum
496 2860 746 2948 centumuiginti.
789 2861 870 2942 lpse,
885 2882 975 2946 quum·
989 2858 1286 2944 adratisforiendum
1409 2857 1415 2870 “

222 2950 340 3014 senatui
348 2950 483 3014 Romam
493 2946 646 3032 profectus
656 2957 741 3025 suet,
757 2945 895 3011 ⁸⁰Albam
906 2949 1114 3039 orstodiendps
1129 2949 1218 3013 dairas
1229 2957 1297 3026 est,

222 3038 299 3120 quia
313 3048 417 3101 contra
425 3056 531 3120 pacem
546 3037 708 3116 videbatur,
723 3034 802 3098 utin
819 3032 959 3098 Gallium
973 3036 1181 3098 remitteretur.
1219 3033 1287 3098 Dc-

224 3133 332 3188 cretum
356 3146 471 3208 quoquc
492 3131 549 3198 est,
571 3132 604 3185 ut
619 3120 847 3206 Gongentiatus,
863 3119 953 3200 filins
977 3117 1051 3204 ejus,
1067 3121 1289 3202 comprehensus

223 3209 356 3275 Romam
370 3211 544 3276 mitteretur.
579 3208 760 3291 Allobroges
773 3207 804 3268 in
813 3207 990 3270 deditionem
1000 3205 1125 3288 accepti.
1158 3207 1200 3270 L.
1215 3204 1289 3288 Opi·

113 3346 117 3356 .
225 3296 309 3375 mins,
324 3307 478 3361 accusatas
492 3295 576 3378 opud
586 3293 729 3378 populum
744 3313 765 3355 o
791 3293 829 3366 Q.
842 3292 939 3356 Decio
960 3291 1192 3375 tribunoplebis,
1207 3292 1290 3377 qaod

157 3411 164 3416 ·
223 3381 414 3448 indemnatos
426 3384 506 3448 cives
519 3381 716 3446 incurrerem
729 3375 907 3463 conjecisset,
922 3377 1077 3444 absolutus
1090 3388 1143 3444 est.

687 3548 827 3653 an.

271 3736 311 3814 Q.
335 3733 476 3799 Marcius
494 3732 596 3796 consul
608 3731 634 3771 ⁸¹
648 3730 775 3808 Silenos,
789 3737 912 3813 gentem
926 3727 1079 3809 Alpinam,
1095 3723 1291 3810 ecpugnanit.

259 3917 289 3959 78
307 3909 422 3957 Baleares
432 3923 448 3954 a
465 3908 508 3954 teli
517 3901 606 3968 missu]
623 3905 741 3966 Ncmpss
773 3902 836 3964 apud
849 3901 999 3950 Herculum.
1022 3902 1104 3960 Atque
1118 3900 1142 3946 id
1158 3895 1292 3972 elegantius

225 3975 393 4022 verboGrsrco
404 3972 506 4031 βάλλειν.
773 3968 937 4016 nobissimus
961 3972 1007 4025 est,
1029 3979 1099 4027 quum
1118 3964 1182 4027 quod
1202 3963 1293 4024 vulgata

258 4047 289 4092 79
309 4041 343 4088 Ob
354 4053 473 4103 aquarum
482 4034 587 4099 copiam]
601 4036 680 4098 Magis
691 4034 740 4096 plu·
771 4033 912 4096 proferunt,
922 4033 999 4081 Albe.

224 4112 288 4154 cerer
303 4119 358 4154 caru
373 4105 494 4153 Gronovlc
513 4105 603 4164 legere:
621 4101 651 4148 ab
668 4117 742 4163 aqum
806 4104 836 4144 81
856 4097 951 4159 Stonor]
968 4099 1007 4146 Sic
1022 4095 1133 4144 scribitur
1149 4095 1195 4141 hoo
1205 4105 1293 4139 namen

226 4187 280 4219 rum
294 4175 363 4234 eopia
374 4204 382 4219 .
394 4203 401 4216 .
413 4178 484 4234 atque
502 4185 518 4216 a
540 4169 634 4215 nominc
648 4182 691 4213 suo
705 4166 742 4214 itu
774 4165 836 4227 opud
849 4163 999 4222 Strabonem,
1010 4165 1026 4210 1.
1039 4163 1081 4210 1v.
1094 4176 1117 4222 p.
1130 4167 1186 4208 904.
1194 4164 1220 4204 ot
1230 4158 1293 4218 apud

219 4239 365 4300 appellatas.
527 4265 529 4270 ·
774 4231 888 4287 Plinium,
900 4228 915 4274 Ι.
928 4229 973 4274 111.
985 4245 1005 4276 a.
1023 4233 1062 4274 90.
1080 4226 1178 4287 Pigbitu
1190 4224 1236 4285 legi
1254 4223 1293 4280 iu·

259 4309 289 4348 tto
306 4303 393 4349 Albam
414 4300 579 4348 autodiendus
603 4299 674 4346 dutus
696 4295 742 4358 est]
774 4299 816 4344 bet
837 4295 932 4342 scm
953 4309 981 4342 ex
1003 4291 1158 4346 marmoribus
1179 4287 1295 4352 cspitoti·
1395 4331 1397 4336 .

216 4367 267 4415 ,δίο
279 4368 327 4415 duo
344 4382 357 4414 e
374 4367 445 4415 MSS.
464 4368 581 4420 Gronovii
593 4371 618 4412 et
632 4364 742 4428 Pilhoeus
776 4364 821 4410 uis.
