3154 4984
450 189 495 250 Ll
505 189 539 249 B.
566 187 680 252 XLIV,
707 189 812 249 CAP.
833 187 962 251 XXXV.
1191 199 1248 254 15⁵

147 353 314 434 dimisit:
335 353 433 444 rugo
457 355 552 420 etlam
574 353 731 422 veteranis
755 353 939 435 fatentibus,
965 377 999 424 se
1022 351 1080 422 illo
1106 354 1247 441 primum
1256 365 1287 424 U.
1298 365 1410 420 ntae

174 445 238 520 die,
255 455 418 528 tamquam
444 442 574 520 tirones,
597 440 673 526 quid
700 443 858 530 agendum
883 454 963 508 esset
987 443 1021 506 in
1047 464 1083 506 re
1107 433 1397 524 militari,‘³·⁰·¹⁶⁸·

174 531 334 600 didicisse.
379 528 456 592 Non
466 527 666 593 sermonibus
679 540 803 592 tantum
818 527 878 605 his,
890 551 963 594 cum
976 542 1097 614 quanto
1112 527 1249 594 adsensu

174 617 337 684 audissent
358 614 454 681 verba
477 613 624 695 consulis,
646 615 871 692 ostenderunt:
897 615 951 680 sed
974 637 1081 680 rerum
1106 637 1249 700 praesens

173 702 306 769 effectus
319 715 397 766 erat.
442 701 611 765 Neminem
631 702 706 764 totis
727 723 804 766 mox
825 703 934 765 castris
949 702 1091 789 quietum
1105 701 1380 769 videresaaervaa

175 811 291 856 acuere
306 788 359 854 alii
374 787 514 876 gladios:
537 787 593 852 alii
614 787 720 874 galeas
733 787 984 874 ”bucculasque
1000 800 1088 854 scuta
1102 788 1156 853 alii
1170 782 1340 853 lori-castris

174 898 292 962 casque
306 890 446 963 tergere:
470 873 523 937 alii
534 886 643 958 aptare
654 874 781 958 corpori
796 895 895 951 arma,
907 875 1108 962 experirique
1122 875 1182 940 sub
1197 857 1323 943 his⁰p⁰⁵

174 963 394 1028 membrorum
408 960 600 1048 agilitatem:
624 972 754 1046 quatere
764 961 819 1026 alii
833 960 908 1045 pila,
922 961 977 1025 alii
990 963 1108 1026 micare
1121 962 1249 1050 gladiis,

174 1049 200 1090 ⁹¹
211 1070 460 1134 mucronemque
474 1047 608 1112 intueri:
631 1060 668 1115 ut
677 1046 768 1112 facile
783 1047 854 1134 quis
869 1060 1020 1126 cerneret,
1036 1047 1093 1112 ubi
1108 1049 1250 1133 primum

173 1135 362 1202 conserendi
379 1153 510 1200 manum
525 1155 598 1198 cum
619 1133 711 1199 hoste
732 1133 807 1197 data
827 1134 953 1198 occasio
974 1145 1066 1211 esset,
1082 1147 1138 1198 aut
1151 1136 1251 1200 victo·

174 1225 224 1290 ria
238 1223 376 1312 egregia,
392 1233 448 1286 aut
469 1232 574 1284 morte
595 1220 793 1285 memorabili
808 1220 977 1286 9'inituros
997 1221 1126 1286 bellum.
1173 1221 1252 1288 Per·

175 1333 248 1376 sens
270 1331 398 1396 quoque
413 1329 524 1395 quum,
547 1307 684 1372 adventu
706 1307 845 1373 consulis
867 1307 961 1372 simul
983 1320 1017 1372 et
1028 1307 1111 1370 veris
1132 1307 1253 1392 princi.

174 1397 241 1482 pio,
273 1410 412 1481 strepere
437 1395 546 1459 omnia
574 1395 758 1480 moverique
790 1395 876 1479 apud
904 1393 1022 1476 hostiae,
1051 1393 1139 1459 velut
1166 1417 1252 1459 novo

174 1483 271 1559 bello,
288 1493 441 1559 cerneret,
457 1493 545 1548 mota
564 1504 585 1544 a
600 1481 695 1546 Phila
718 1493 821 1545 castra
843 1481 877 1543 in
896 1481 1030 1546 adversa
1050 1483 1123 1566 ripa
1136 1481 1252 1566 posita,

176 1591 265 1634 nunc
286 1569 327 1633 ad
354 1567 598 1653 contemplanda
618 1589 718 1654 opera
743 1589 800 1633 sua
821 1568 991 1633 circumire
1015 1567 1140 1646 ducem,
1164 1566 1254 1632 haud

176 1657 275 1722 dubie
290 1655 441 1722 transitus
460 1654 688 1740 speculantem,

571 1842 590 1880 Ἰ
710 1841 728 1878 0
847 1843 864 1878 0

178 1977 295 2020 norum
310 1978 385 2022 esse.
945 2013 949 2028 .

221 2042 372 2108 XXXV.
396 2042 481 2124 Quae
503 2063 553 2106 res
577 2040 733 2108 Romanis
756 2042 846 2108 auxit
869 2043 1002 2120 animm,
1020 2041 1253 2110 Macedonibus

177 2151 212 2194 re
237 2131 309 2217 ique
323 2152 434 2195 eorum
448 2129 535 2194 haud
551 2129 742 2194 mediocrem
757 2130 874 2196 adtulit
887 2140 1052 2195 terrorem.
1090 2130 1135 2195 Et
1148 2134 1255 2216 primo

179 2153 379 2300 subprimere
405 2217 437 2280 in
461 2218 588 2281 occulto
613 2215 730 2280 famam
745 2217 811 2302 ejus
837 2217 881 2280 rei
903 2229 950 2281 est
972 2230 1114 2293 conatus,
1138 2218 1252 2294 missis,

179 2303 235 2390 qui
258 2302 480 2368 Pantauchum
502 2302 578 2367 inde
594 2303 772 2367 venientem
796 2301 1055 2389 adpropinquare
1076 2304 1254 2366 castrisue·

179 2400 294 2455 tarent.
315 2389 405 2455 ⁹³sed
426 2390 495 2476 jam
518 2399 550 2454 et
574 2389 664 2474 pueri
680 2388 809 2475 quidam
824 2389 883 2452 visi
905 2387 946 2464 ab
969 2388 1032 2453 suis
1057 2400 1149 2453 erant
1168 2389 1255 2473 inter

179 2476 304 2542 obsides
328 2476 455 2562 Illyrios
477 2476 581 2541 ducti:
606 2487 647 2553 et,
662 2474 762 2560 ⁹⁴quo
777 2497 913 2562 quaeque
935 2473 1116 2539 adcuratius
1138 2497 1254 2543 curan-

180 2575 243 2640 tur,
259 2585 298 2627 eo
311 2561 434 2627 facilius
455 2562 647 2648 loquacitate
670 2562 829 2650 regiorum
850 2561 1068 2625 ministrorum
1092 2571 1254 2626 emanant.

181 2650 249 2715 Sub
264 2649 349 2713 idem
364 2662 489 2736 tempus
501 2647 626 2714 Rhodii
644 2648 739 2736 legati
757 2650 788 2712 in
813 2661 913 2712 castra
928 2661 1085 2712 venerunt
1106 2669 1179 2712 curn
1202 2648 1255 2713 iis-

180 2735 310 2801 demde
331 2758 410 2822 pace
432 2735 601 2818 mandatis,
617 2759 690 2822 quae
707 2737 819 2800 Romae
840 2735 1002 2824 ingentem
1025 2735 1105 2799 iram
1122 2735 1255 2800 Patrum

180 2824 367 2888 excitavere.
414 2823 523 2888 Multo
544 2822 754 2910 iniquioribus
777 2822 891 2886 animis
911 2846 930 2886 a
952 2824 1101 2888 castrensi
1122 2823 1255 2887 consilio

181 2910 281 2975 auditi
299 2922 380 2974 sunt.
427 2911 540 2996 ltaque
554 2931 653 2996 quum
677 2908 730 2974 alii
744 2908 959 2995 9⁵praecipites
981 2911 1049 2974 sine
1071 2917 1254 2997 responso*

180 2997 322 3087 agendos
344 2996 462 3077 castris,
485 2996 719 3081 pronunciavit,
743 3010 816 3079 post
838 2996 922 3061 diem
943 2996 1253 3082 quintumdecimum

179 3107 213 3149 se
239 3102 426 3168 responsum
448 3083 614 3147 daturum.
660 3083 806 3162 Interim,
832 3096 868 3146 ut
895 3082 1075 3167 adpareret,
1098 3097 1254 3168 quantum

180 3170 414 3256 pacificantium
447 3167 651 3233 Rhodiorum
688 3169 859 3233 auctoritas
888 3167 1045 3247 valuisset,
1076 3170 1256 3235 consultare

212 3363 245 3411 90
261 3362 388 3428 Baecula]
406 3363 521 3410 Laminas
532 3363 634 3420 flexiles,
644 3375 700 3422 quas
734 3362 766 3407 ris
778 3361 813 3408 sie
824 3353 1160 3422 exponeree‘l'ueriquidam
1172 3359 1256 3410 Mace·

179 3429 312 3489 pendentes
329 3430 459 3486 acasside,
475 3430 563 3475 buccas
579 3428 702 3488 tegebant.
734 3428 809 3473 dones
820 3427 903 3474 traditi
914 3427 978 3473 inter
985 3433 1078 3472 eeteros
1086 3427 1181 3473 obsides
1190 3427 1256 3473 Gen·

180 3493 268 3554 Neque
284 3493 362 3551 enim,
372 3499 400 3540 ut
416 3495 528 3540 observet
544 3493 610 3552 Lipe.
622 3492 640 3540 1.
652 3492 702 3542 111.
734 3491 779 3546 tio,
790 3497 816 3537 et
832 3493 927 3539 reducti
943 3493 970 3539 in
984 3491 1156 3538 Macedoniam
1166 3505 1182 3538 a
1193 3493 1256 3538 Pna-

180 3558 211 3618 de
228 3557 302 3604 Milit
315 3557 388 3604 som.
399 3557 462 3604 Dial.
475 3557 500 3604 5.
516 3559 605 3604 clausae
621 3563 700 3611 erant,
734 3557 832 3610 tancho,
844 3557 891 3602 visi
906 3571 921 3602 a
939 3557 989 3602 suis
1003 3561 1082 3614 erant,
1092 3569 1183 3616 eosque
1200 3557 1257 3602 edo·

180 3627 206 3668 et
217 3623 297 3669 vultui
308 3635 428 3682 appressae
445 3623 602 3682 antiquorum
618 3621 701 3681 galee.
734 3627 845 3678 cuerant,
855 3621 914 3682 quid
925 3621 951 3666 in
963 3619 1061 3681 illyrico
1075 3627 1173 3680 gestum
1184 3625 1255 3666 esset.

180 3688 229 3735 His
240 3693 338 3734 tantum
348 3687 457 3734 bucculis
466 3700 537 3746 genae
549 3687 701 3746 tegebantur.
768 3685 800 3732 94
817 3684 868 3740 Quo
895 3699 989 3748 queque
1015 3685 1148 3730 accuratius
1170 3697 1256 3730 curea-

213 3751 244 3800 91
262 3751 449 3813 Mncrcrtemque
468 3750 569 3813 intueri]
596 3748 703 3797 Videtur
735 3749 788 3824 teir]
806 3751 947 3798 Admodum
956 3749 1257 3810 probabilisestGronovii

180 3817 279 3878 aliquod
289 3819 364 3864 latere
373 3817 462 3864 vitium
472 3815 498 3860 in
507 3816 580 3861 verbo
590 3815 686 3860 intueri.
735 3820 883 3875 conjectura,
893 3815 1003 3862 celantur.

214 3883 246 3930 92
263 3881 369 3928 luitura:
379 3879 473 3942 tellum]
495 3879 703 3939 Muretuslegen-
768 3880 800 3926 95
815 3879 953 3939 Proripite:
978 3880 1029 3926 tiae
1049 3889 1156 3938 rerponso
1180 3891 1257 3926 ceure-

181 3949 242 3995 dum
272 3946 406 3992 existimet·
416 3946 536 4006 fluitaret.
577 3943 702 3991 Neutrum
734 3949 787 3992 reat
809 3943 909 4005 agendo:
930 3942 1025 4006 cestria]
1059 3942 1118 3988 Vox
1140 3951 1257 3992 censerem

181 4012 284 4059 verbum
295 4011 336 4056 hic
346 4010 405 4056 satis
414 4009 533 4070 congruit.
734 4006 829 4070 adjecta
839 4014 877 4054 est
889 4021 904 4054 a
915 4009 1046 4066 Gronovio,
1057 4007 1100 4066 qui
1116 4007 1178 4052 nihil
1194 4021 1257 4068 prae.

215 4075 248 4122 93
264 4074 407 4136 Sedjumet
419 4074 490 4134 pueri
506 4070 614 4135 quidam]
632 4071 701 4120 Nihil
734 4079 803 4120 terea
820 4074 887 4126 eliud
906 4073 1023 4120 excidisse
1039 4077 1118 4132 putat..
1151 4072 1256 4124 Dubite-
1300 4103 1302 4106 -

180 4137 323 4187 intricatum
334 4145 372 4186 est
387 4139 414 4185 in
426 4139 519 4185 verbis:
537 4137 579 4182 sed
595 4149 634 4183 res
649 4137 702 4196 ipsa
734 4151 790 4184 mus
801 4145 894 4197 tamen,
905 4151 937 4184 en
948 4138 994 4182 hoc
1009 4137 1083 4183 modo
1097 4136 1165 4183 locus
1175 4149 1260 4198 persar:

181 4205 354 4266 perummlera,
388 4204 414 4250 Si
428 4201 701 4260 obsiderlllyrioeintel·
735 4207 807 4248 natus
824 4203 864 4250 sit.
898 4202 956 4248 Non
968 4200 1092 4247 immerito
1103 4202 1200 4249 videtur
1218 4205 1256 4250 Si·

180 4270 243 4330 ligas
253 4270 348 4318 obsides
364 4282 379 4315 a
391 4267 478 4314 Perseo
494 4267 546 4326 regi
557 4265 645 4312 Gentio
660 4267 704 4312 de·
735 4267 822 4327 gonius
833 4266 951 4327 suspicari
960 4266 1042 4312 deesse
1052 4268 1191 4314 membrum
1202 4281 1256 4318 ora·

183 4339 231 4393 tos,
242 4340 267 4382 et
284 4349 300 4381 a
317 4333 458 4382 Pantaucho
478 4333 610 4380 subductos
629 4343 660 4376 ne
676 4330 702 4376 in
736 4331 818 4392 tionis,
831 4334 896 4392 quod
907 4330 1051 4392 respondeat
1062 4331 1152 4393 edulii.

181 4398 349 4464 Rornanorum
365 4409 454 4446 manus
475 4397 618 4456 inciderent,
634 4401 703 4456 pote-
