3042 4980
552 183 900 268 PRAEF-A'rlo.
1249 217 1272 298 y
1385 183 1388 192 ’

13 385 17 444 l
175 389 390 490 capellano
405 387 478 465 sibi
495 387 639 466 dietum
661 385 702 466 in
726 386 869 464 litteras
893 385 1041 464 retulit:
1066 387 1269 486 quemdam

178 503 377 604 Capeliani
390 503 563 592 amicum,
582 503 702 579 vimm
722 526 801 578 non
816 495 1043 590 illiteratum,
1061 527 1178 600 qurum
1192 503 1271 603 pila

177 618 337 708 luderet,
355 617 665 694 animadvertisse
680 617 720 693 in
737 643 784 692 ea
799 614 966 715 palmula
978 641 1062 716 quae
1079 615 1151 692 sibi
1169 628 1271 694 esset
1305 653 1308 658 ·

177 733 228 807 ad
258 757 423 821 manum,
450 733 663 831 fragmenta
689 732 937 830 quorumdam
967 729 1064 804 Livii
1093 731 1270 808 librorum

175 846 244 946 qui
268 847 384 923 bodie
409 871 487 924 non
512 855 686 937 exstent,
709 869 901 946 quumque
924 868 1003 921 rem
1020 845 1093 920 sibi
1119 847 1270 923 ulterius

174 961 441 1061 inquirendam
459 971 638 1061 putasset,
656 961 882 1060 comperisse
907 984 972 1034 eas
994 984 1078 1036 asse
1094 961 1269 1060 reliquias

176 1077 322 1175 aliquot
347 1076 521 1152 similium
548 1077 860 1165 membranarum,
886 1101 971 1174 qua
996 1098 1021 1151 a
1044 1076 1270 1154 monialibus

9 1237 13 1258 ι
176 1191 1135 1291 domusFontebraldensispharmacopolaecuidam
1148 1177 1272 1268 donu-¹

174 1317 238 1396 ιιι,
266 1305 314 1382 ab
340 1308 413 1383 boc
438 1307 568 1405 ignaro
588 1305 710 1406 qualis
736 1306 806 1382 sibi
835 1307 1028 1384 thesaurus
1055 1305 1270 1382 obvenisset

174 1422 339 1499 venditae
355 1423 477 1498 forent
493 1421 662 1521 operario
680 1420 845 1519 ignobili,
864 1421 928 1521 qui
949 1419 995 1495 iis
1012 1420 1151 1496 abusor
1169 1435 1270 1498 esset

175 1541 227 1614 ad
241 1537 425 1636 tegendas
437 1537 522 1612 illas
534 1534 719 1635 palmulas
732 1535 867 1635 quibus
881 1535 957 1635 pila
967 1534 1121 1614 luditur.
1148 1535 1268 1622 Vanis

175 1651 394 1749 hujusmodi
421 1652 502 1728 sine
527 1662 628 1726 certo
655 1661 808 1727 auetore
832 1649 1040 1726 rumoribus
1066 1651 1180 1726 tidem
1205 1651 1269 1726 ba·

173 1769 275 1857 beat,
294 1793 355 1844 cur
344 1765 554 1867 placuerit
569 1789 654 1841 sese
670 1764 772 1841 inani
788 1775 858 1865 spe
874 1767 1025 1842 lactare.

226 1881 384 1958 Partitio
401 1881 524 1979 operis
548 1880 587 1956 in
613 1878 777 1956 decades
801 1891 925 1957 utrum
943 1907 966 1957 a
983 1880 1093 1958 Livio
1118 1881 1178 1971 sit.
1196 1881 1266 1958 du·
1251 1899 1432 2012 ..pauo

172 1997 308 2073 bitavit
325 1995 543 2085 Petrarcba,
560 1997 625 2096 qui
636 2021 719 2072 eam
737 1996 862 2128 ιιιοιὶιιι
880 2007 1000 2074 ortam
1018 2023 1103 2074 esse
1118 2007 1227 2098 putat
1243 1966 1432 2078 aum

172 2112 370 2189 fastidiosa
396 2111 634 2208 legentium
624 2112 784 2210 ignavia.
836 2111 945 2188 Idem
971 2113 1132 2188 adstruit
1159 2111 1266 2210 Sigo-
1275 2129 1378 2241 Siron

171 2227 259 2302 nius
286 2251 336 2302 ex
369 2236 553 2325 perpetuo
582 2237 746 2304 veterum
773 2227 1126 2319 Grammaticorum,
1163 2191 1378 2302 PriePronum
1250 2195 1422 2370 -ῗιιιιιιιιιῗΙ

174 2343 283 2431 ciani,
305 2341 515 2430 Diomedis,
535 2342 743 2431 Censorini,
771 2344 934 2443 denique
959 2343 1121 2419 auctoris
1145 2321 1328 2443 sapito-¹⁴¹*

175 2483 319 2534 marum
346 2457 507 2546 silentio,
525 2457 590 2556 qui
618 2481 749 2532 omnes
777 2455 956 2533 librorum
985 2481 1143 2558 semper,
1170 2483 1266 2534 nun·

172 2597 286 2672 quam
301 2561 488 2648 decadum
503 2569 730 2648 mentionem
744 2571 900 2650 faciunt.
935 2571 1089 2648 Frustra
1100 2573 1266 2672 quidam,

172 2697 217 2763 ut
231 2688 457 2763 contrariam
475 2685 693 2785 opinionem
717 2693 903 2777 tueantur,
920 2686 1102 2784 objiciunt
1118 2688 1268 2767 Livium

170 2804 205 2878 ei
230 2802 353 2902 ipsum
378 2801 496 2878 rideri
522 2802 808 2902 quodammodo
833 2804 1042 2902 sulii-agari,
1060 2805 1153 2881 dum
1178 2831 1267 2884 suas

171 2917 354 3016 vigesimo
371 2917 492 3017 primo
509 2929 548 2992 et
563 2917 756 3016 trigesimo
773 2919 893 3018 primo
911 2919 1014 2995 libris
1029 2921 1268 3018 praelationes

170 3030 373 3131 praemittit.
424 3031 575 3109 Etenim
593 3043 697 3108 recte
713 3035 889 3110 observat
913 3033 1094 3130 Dujatius
1120 3036 1265 3114 Livium
1276 3063 1429 3130 naemu.

170 3171 251 3224 non
267 3145 502 3222 absimilibus
521 3144 625 3222 velut
641 3146 830 3246 prooemiis
848 3157 954 3224 extra
970 3149 1162 3227 decadum
1173 3178 1267 3252 quo·

170 3285 244 3360 que
265 3259 447 3362 principia
468 3259 679 3337 identidem
696 3286 805 3338 usum
824 3287 909 3340 ease
931 3263 981 3339 ad
1006 3267 1268 3346 renovandam

4 3403 7 3410 ’
169 3375 325 3453 lectoris
350 3375 463 3475 longo
486 3373 527 3452 in
552 3399 665 3475 opere
689 3377 946 3469 attentionem,
968 3377 1028 3455 vel
1054 3380 1267 3481 siquando

170 3490 350 3568 scribenti
371 3491 498 3588 major
519 3513 644 3566 rerum
670 3491 766 3568 ordo
791 3503 1019 3584 nasceretur,
1038 3503 1081 3570 ut
1096 3506 1202 3595 patet
1217 3521 1286 3584 ex,

170 3605 255 3683 libri
272 3605 371 3682 sexti
392 3605 573 3703 ingressu,
592 3613 630 3680 et
647 3630 731 3706 cap.
749 3613 810 3684 29.
830 3606 894 3686 lib.
908 3607 1003 3686 Vll.
1056 3609 1267 3689 Contendit

169 3745 258 3820 ergo
280 3721 457 3820 Sigonius
484 3743 703 3819 germanam
732 3723 856 3823 operis
881 3722 1029 3800 Liviani
1053 3724 1265 3828 inscriptio·

170 3837 521 3914 nem'bancluisse:
538 3837 722 3926 T.L1v1r
741 3837 957 3917 Ριιιιιιιι
976 3863 1264 3921 ιιιιιοιιιιιιιιιι

155 3951 223 4028 ἰιι
241 3975 351 4028 naun
369 3975 548 4030 cosmus
568 3979 679 4034 ιιιιιιι
698 3977 826 4034 exuri.
879 3956 975 4040 Qum
1000 3956 1112 4034 nobis
1137 3958 1264 4058 opinio

170 4067 239 4144 etsi
261 4066 493 4168 probabilior
516 4069 678 4159 ridetur,
702 4082 829 4146 tamen
853 4095 934 4146 non
958 4095 1107 4172 semper
1130 4073 1264 4148 abbor-

171 4182 311 4264 ruimus
328 4183 378 4261 ab
394 4185 585 4266 decadum
598 4186 862 4288 appellatione,
875 4213 959 4287 qua
973 4198 1012 4264 et
1024 4213 1094 4266 usu
1106 4191 1265 4288 recepta

685 4311 751 4380 ι3
