3120 4984
436 219 529 280 ura.
552 217 655 278 xtn.
682 221 785 280 csr.
808 220 904 280 axv,
1167 205 1203 290 oi

140 380 232 458 tibus,
250 383 390 451 Romani
411 385 453 449 ad
470 385 685 452 Cranouiumi
704 387 858 450 intactum
879 403 992 472 agrum
1015 395 1118 448 castra
1138 403 1208 450 mo-
1217 401 1246 450 u,
1258 400 1285 450 e.
1296 399 1355 452 581.

142 483 224 532 vent.
247 469 298 534 lbi
324 493 425 557 quum
447 474 562 553 securi,
585 487 617 538 et
636 485 771 558 propter
792 483 969 538 castrorum
991 468 1285 624 longinquitadc·
1299 465 1353 516 1⁷1·

35 621 36 632 χ
142 558 215 631 tem,
232 556 341 621 etrite
361 559 466 644 inopis
489 581 643 645 aquarum
667 557 898 634 difficultatem,
913 579 986 643 quae
1008 557 1092 622 inter
1130 579 1208 644 ycu-
1248 578 1251 582 ·

35 641 36 678 l
138 641 218 704 rium
235 657 268 708 et
283 646 434 709 &anona
455 658 512 722 est,
529 646 642 710 stativa
664 646 836 720 haberent;
859 657 991 729 repente
1010 646 1116 728 prima
1136 645 1209 712 luce

139 726 171 790 in
186 729 417 796 inminentibus
433 731 563 797 tumulis
578 733 735 816 equitatus
750 732 856 818 regius
872 753 944 796 cum
967 730 1030 795 levi
1045 743 1209 796 armatura

139 818 220 880 risus
235 819 396 903 ingentem
411 819 583 884 tumultum
595 819 680 884 fecit.
705 818 815 883 Pridie
825 839 883 903 per
894 817 1057 882 meridiem
1073 817 1209 902 profecti

137 901 176 964 ab
192 905 330 987 Sycurio
344 917 453 969 erant:
540 908 620 970 itum
635 927 750 1006 agmen
767 904 825 984 sub
840 903 945 968 lucem
961 902 1158 989 reliquerant
1171 905 1206 970 in

136 990 283 1070 proxima
297 991 439 1075 planitie.
491 992 560 1057 tetit
574 993 746 1078 paullrsper
759 991 793 1054 in
809 989 950 1068 tumulis,
962 989 1033 1054 elici
1047 1013 1141 1075 posse
1155 1014 1207 1058 ra·

137 1086 184 1139 tus
213 1077 258 1141 ad
283 1091 430 1163 equestre
456 1093 615 1144 certarnen
642 1079 823 1142 Romanost
846 1078 901 1163 qui
926 1089 1095 1226 postquam
1124 1077 1206 1144 nihil

135 1164 316 1239 movebant,
339 1166 476 1251 equitem
504 1167 612 1243 mittit,
632 1167 687 1252 qui
710 1165 832 1249 pedites
846 1163 996 1228 referres
1035 1164 1206 1250 Sycurium
1262 1165 1269 1184 ‘

135 1249 224 1335 signa
234 1251 381 1337 juberet;
404 1251 472 1337 ipsc
488 1275 563 1317 mox
578 1253 748 1318 insecutus.
795 1251 931 1316 Romani
954 1251 1085 1335 equites,
1101 1251 1206 1314 modi-

135 1357 171 1399 co
182 1336 358 1420 intervallo
370 1351 546 1424 sequentes,
561 1338 662 1403 sicubi
678 1360 804 1424 sparsos
824 1361 861 1401 ac
883 1337 1053 1421 dissipatos
1074 1337 1205 1401 invade·

135 1444 168 1486 re
189 1437 334 1507 possent,
356 1438 526 1511 postquam
546 1425 706 1490 confertos
727 1426 826 1501 abire,
850 1424 942 1512 signa
967 1437 1062 1510 atque
1077 1423 1206 1488 ordines

134 1526 305 1588 servantes,
318 1511 477 1588 viderunt,
493 1523 526 1577 et
540 1512 601 1598 ipsi
615 1513 649 1576 in
665 1526 768 1577 castra
782 1511 929 1576 redeunt.

175 1598 289 1664 LXV.
314 1598 405 1675 Inde,
420 1598 569 1664 obfensus
584 1599 818 1685 longinquitate
833 1596 965 1674 itineris,
981 1619 1038 1663 rex
1052 1597 1092 1663 ad
1108 1597 1205 1684 Mop-

35 1717 36 1720 ¹
135 1682 226 1749 sium*
241 1697 349 1750 castra
375 1685 492 1762 movit3
515 1699 547 1750 et
574 1685 727 1764 Romani,
748 1684 896 1750 demessis
912 1684 1071 1748 Cranonis
1091 1685 1206 1773 segeti-

135 1768 201 1848 bus,
218 1773 255 1836 in
268 1771 502 1837 Phalannaeum
517 1793 630 1860 agrum
645 1785 821 1836 transeunt.
866 1769 918 1834 lbi
933 1793 1033 1857 quum
1049 1794 1088 1838 ex
1103 1784 1206 1837 trans-

134 1855 206 1946 fugo
236 1871 410 1946 cognosset
443 1882 511 1938 rex,
542 1860 611 1925 sine
644 1859 710 1924 ullo
746 1867 871 1924 armato
906 1858 1056 1942 praesidio
1088 1858 1205 1943 passim

135 1958 285 2033 vagantes
322 1968 380 2031 per
415 1969 510 2034 agros
541 1946 706 2012 Romanos
738 1957 866 2020 metere,
897 1966 971 2010 cum
1002 1943 1089 2008 mille
1158 1945 1207 2009 ui·

135 2031 226 2110 tibus,
255 2031 382 2098 duobus
418 2033 558 2098 millibus
585 2032 751 2098 Thracum
779 2044 811 2097 et
842 2031 1044 2096 Cretensium
1079 1967 1206 2116 prliiec·

138 2129 195 2196 tus,
222 2132 521 2205 quum-quantum
558 2119 737 2191 adcelerare
772 2131 908 2204 poterat,
939 2116 1041 2181 effuso
1078 2119 1207 2205 agmine

135 2204 240 2283 issent,
270 2206 434 2290 inproviso
464 2207 631 2294 adgressus
660 2220 707 2271 est
735 2205 910 2270 Romanos.
938 2207 1052 2290 juncta
1077 2204 1206 2270 vehicu-

136 2290 173 2368 la,
203 2293 360 2380 pleraque
387 2307 512 2376 onusta,
540 2293 627 2358 mille
662 2291 835 2357 admodum
865 2291 1046 2375 capiuntur,
1072 2311 1205 2354 sexcen-

135 2379 157 2440 ti
185 2379 294 2446 lerme'
317 2381 470 2446 homines.
517 2379 664 2446 Praedam
692 2376 934 2444 custodiendam
963 2375 1141 2440 ducendam
1165 2397 1206 2440 ue

134 2465 164 2527 ir'r
176 2480 282 2532 castra
297 2466 444 2532 trecentis
460 2466 664 2531 Cretensium
685 2465 783 2530 dedit.
805 2465 884 2548 ipse,
899 2476 1047 2528 revocato
1070 2461 1111 2528 ab
1126 2399 1208 2532 eilu-

136 2575 167 2616 sa
177 2554 270 2622 crede
285 2555 391 2639 equite
405 2567 437 2618 et
452 2553 581 2642 reliquis
594 2552 748 2638 peditum,
764 2551 852 2616 ducit
867 2550 906 2614 ad
922 2551 1106 2634 proximum
1123 2571 1205 2632 prse-

136 2641 262 2715 sidium,
289 2655 377 2706 ratus
401 2640 489 2706 baud
512 2663 630 2728 magno
655 2638 829 2705 certamine
854 2636 992 2722 obprimi
1002 2658 1118 2721 posse.
1145 2637 1205 2702 ·L.

137 2725 310 2813 Pompeius
335 2727 483 2792 tribunus
498 2727 635 2794 militum
663 2738 811 2813 praeerat,
828 2725 882 2812 qui
903 2723 1066 2810 perculsos
1091 2723 1207 2788 milites

134 2814 303 2900 repentino
316 2813 456 2880 hostium
472 2816 610 2880 adventu
626 2815 659 2878 in
674 2815 892 2899 propinquum
905 2812 1064 2894 tumulum
1077 2810 1205 2898 recepit,
1287 2817 1288 2820 ’

135 2897 193 2965 1οοί
207 2924 245 2966 se
259 2900 419 2986 praesidio,
435 2902 511 2987 quia
530 2924 664 2966 numero
679 2914 710 2966 et
725 2900 843 2965 viribus
858 2900 950 2985 inpar
964 2911 1042 2976 erat,
1058 2897 1206 2963 delens-u·

134 2989 206 3052 rus.
243 2987 294 3051 Ibi
316 3010 414 3074 quum
431 2989 463 3052 in
480 2988 588 3054 orbem
612 2987 727 3062 milites
749 2987 913 3073 coegisset,
932 2997 967 3049 ut
980 2985 1120 3051 densatis
1136 3007 1205 3050 scu-

135 3073 172 3137 tis
186 3076 228 3140 ab
238 3075 329 3159 jactu
343 3075 533 3162 sagittarum
549 3091 581 3140 et
590 3075 770 3159 jaculorum
787 3096 855 3138 sese
869 3084 1045 3148 tuerentur,
1064 3073 1204 3148 Perseus,

136 3160 333 3227 circumdato
349 3161 479 3226 armatis
501 3166 637 3237 tumulo,
660 3160 751 3248 alios·
763 3159 951 3224 adscensum
978 3159 1121 3246 undique
1135 3172 1206 3223 ten-

135 3255 198 3313 tar'e
219 3249 324 3334 jubet,
353 3262 384 3312 et
413 3249 558 3312 cominus
583 3247 734 3332 proelium
761 3261 939 3323 conserere,
968 3245 1048 3310 alios
1082 3247 1205 3310 eminus

136 3333 195 3398 tela
234 3335 390 3422 ingerere.
454 3341 583 3419 Anceps
624 3335 784 3398 Romanos
820 3347 925 3396 terror
961 3331 1205 3400 circumstabat:

136 3440 206 3486 nam
225 3445 328 3508 neque
343 3421 477 3488 conferti
496 3441 642 3510 pugnare
661 3433 792 3505 propter
806 3441 870 3493 eos,
887 3417 942 3506 qui
965 3417 1159 3482 adscendere
1171 3419 1207 3481 in

137 3509 294 3572 tumulum
310 3509 519 3594 conabantur,
536 3519 703 3592 poterant:
726 3521 767 3582 et,
780 3506 835 3570 ubi
850 3507 977 3570 ordines
988 3503 1207 3588 procursando

135 3594 307 3670 solvissent,
337 3596 491 3679 patebant
518 3595 633 3680 jaculis
662 3594 833 3678 sagittisve.
879 3591 1026 3656 Maxime
1054 3591 1314 3660 ²⁷cestro-cestro.

135 3680 328 3764 sphendonis
343 3681 600 3748 vulnerabantur.
624 3680 686 3746 hoc
709 3679 764 3744 illo
791 3679 874 3744 bello
896 3699 1016 3742 novum
1036 3699 1137 3766 genus
1153 3678 1365 3790 telifltl‘ernidq’infle

349 3775 353 3782 ι
493 3795 678 3851 ¹Crarrrrorrr'run
689 3805 764 3850 Gron-
778 3806 847 3850 Crev.
1158 3786 1169 3807 ’Χ
1233 3757 1272 3790 esc
1294 3757 1310 3804 p
1331 3759 1354 3791 θ’

139 3959 141 3962 Ι
167 3900 199 3948 27
217 3900 446 3963 θειίνοερὴῖηᾱοπὺ]
466 3897 548 3962 Hujus
559 3901 602 3946 teli
613 3903 655 3948 de·
687 3901 786 3964 bipalme
793 3900 859 3963 sirit,
872 3899 978 3946 tabulam
996 3899 1080 3946 balens
1098 3900 1209 3960 equalem

136 3965 231 4024 scriptio
252 3981 307 4031 qua
329 3967 448 4028 sequitur,
467 3966 560 4025 aliquid
581 3966 655 4014 habet
687 3967 804 4012 mucroni.
836 3965 905 4012 Huic
915 3965 998 4011 barlile
1009 3967 1116 4026 ligneum
1135 3966 1209 4012 inser.

137 4031 246 4094 obscuri:
263 4033 307 4077 'sed
327 4025 432 4076 inultam
452 4033 474 4077 ei
487 4031 577 4076 'lucem
595 4031 652 4076 alfe-
687 4034 738 4076 tum
758 4035 817 4084 erat,
840 4031 988 4090 longitudine
1004 4031 1126 4090 rptttrmoe
1145 4043 1209 4076 merr-

137 4101 194 4139 runt
204 4096 290 4142 Graeca
305 4095 399 4156 Polybii
420 4097 503 4152 verba,
518 4107 549 4140 ex
568 4095 656 4154 quibus
689 4107 768 4140 mrum
782 4108 895 4158 ¹oeqrcrrrrr,
917 4095 1031 4148 erasure,
1053 4094 1136 4154 digiti.
1176 4097 1209 4142 Irr

139 4157 220 4204 Livius
242 4173 296 4206 eam
316 4160 442 4220 expressit.
474 4158 522 4206 tua
541 4161 657 4219 leguntur·
688 4158 759 4219 liujus
774 4159 876 4206 medium
894 4162 940 4204 tres
954 4159 1210 4220 pinnuloeelignolrr·

138 4228 201 4286 apud
210 4224 319 4279 suidam,
329 4232 354 4272 et
364 4225 526 4272 referuntura
536 4223 629 4283 Limia,
638 4225 655 4269 l.
681 4221 827 4284 figebantur,
839 4225 912 4282 ptam
927 4223 1012 4270 trever.
1040 4225 1093 4271 Hoc
1109 4228 1134 4270 tn
1146 4222 1210 4285 surr-

138 4281 183 4332 lV.
195 4287 320 4336 Pororeer.
332 4290 389 4336 dial.
398 4289 422 4336 3.
433 4290 475 4348 qui
486 4303 514 4334 es
525 4288 598 4334 vertit
608 4289 655 4335 hoc
688 4281 726 4340 rtr,
746 4301 796 4347 qaoe
813 4287 859 4335 duo
869 4287 968 4350 sustollo
987 4283 1089 4352 imparia
1107 4290 1210 4344 bombat,

139 4353 222 4399 modo:
250 4353 353 4400 Cestros.
393 4353 494 4405 Nomius
515 4353 557 4398 lroc
576 4354 656 4397 iarun·
690 4354 808 4400 inmerito
826 4358 985 4412 utrorumque,
1006 4359 1097 4402 uncam
1118 4355 1208 4406 butem,

139 4417 187 4461 tum
210 4419 263 4464 bello
288 4419 391 4465 Pcrrr'ro.
435 4418 516 4478 Ipsam
540 4415 656 4477 spiculum
689 4422 711 4464 tt
732 4419 766 4464 iia
785 4423 811 4465 ui
826 4419 900 4480 facile
919 4419 979 4466 solui
990 4423 1075 4484 possm,
1095 4419 1209 4482 ligatum,
