3154 4984
438 175 655 255 utusxuv.
683 191 787 253 cnr.
813 193 902 254 xix.
946 237 951 248 s
1152 203 1212 264 ror.

136 359 269 425 moseri
280 366 391 444 portet
403 359 448 436 et,
463 361 514 424 ubi
533 359 712 443 publicanus
723 369 788 436 vest,
803 357 883 422 ”ibi
908 369 963 423 out
978 357 1047 445 jus'
1055 359 1211 442 pullicum
1218 373 1250 426 υ.
1262 365 1377 428 mmo?

135 461 257 521 comm,
273 455 330 510 out
354 446 523 511 &oetatem
547 446 639 512 coetu
658 446 777 510 nuttam
801 466 872 510 esee.
918 446 971 510 Ne
991 447 1072 530 ipsos
1086 447 1248 532 quidone
1261 459 1291 508 c.
1304 453 1360 512 mr.

136 532 459 598 Macedonuslllt'clem
473 555 610 598 exercere
627 551 725 615 porte.
748 533 845 596 nbiin
861 533 963 596 medio
987 535 1097 616 proedo
1111 534 1209 599 admi·
1376 562 1378 570 ¹

134 620 430 697 memoriensem,
445 620 491 684 ibi
500 640 667 705 numquam
687 639 812 684 conatos
832 619 1012 684 seditionum
1026 629 1057 686 et
1070 622 1209 687 certami-

133 707 181 770 nis
200 703 315 789 defore.
359 706 561 772 ”Commune
581 706 757 770 concilium⁰
769 706 872 791 gentis
890 717 979 784 estet,
993 729 1031 772 ne
1052 708 1210 790 inprobam

133 793 572 880 mtlgmusmotuoliquondo
583 785 881 874 libirtotemrolabri
890 795 1210 860 moderationedotom

136 881 181 944 od
195 880 348 944 licentium
361 882 548 964 pestilentem
561 881 703 943 traheret.
747 880 788 942 In
799 889 931 963 quotuor
937 881 1073 966 regiones
1082 883 1211 947 describi

138 965 367 1044 Macedoniam,
383 977 416 1031 ut
438 989 525 1032 suum
547 971 669 1051 qumque
688 966 851 1030 concilium·
871 967 1004 1046 moeret,
1019 966 1157 1053 placuit3
1181 979 1211 1034 et

136 1051 336 1119 ”dimidium
356 1055 470 1131 tributi,
487 1073 579 1138 quum
600 1053 679 1137 qood
700 1053 822 1138 regibus
834 1049 922 1134 serre
943 1053 1025 1117 soliti
1044 1065 1141 1136 erant,
1154 1078 1210 1138 po·

129 1139 208 1223 palo
222 1142 367 1206 Romano
380 1143 518 1224 pendere.
565 1137 689 1204 Similia
705 1137 757 1204 his
771 1149 803 1203 et
817 1138 850 1202 in
867 1138 1032 1226 Illyricum
1049 1141 1210 1207 mandata.

138 1238 244 1291 cetera
258 1227 335 1312 ipsis
357 1227 603 1312 imperatoribus
619 1224 793 1312 legatisque
808 1224 928 1303 relicta,
945 1227 1110 1314 inquibus
1126 1249 1209 1314 prae-

139 1335 210 1378 sens
221 1316 370 1380 tractatio
385 1337 491 1379 rerum
505 1312 640 1378 certiora
655 1311 836 1398 subjectum
850 1328 919 1378 erat
933 1313 1077 1378 consilia.

179 1399 275 1466 xlx.
310 1402 399 1466 Inter
429 1401 544 1466 multas
570 1421 682 1487 regum
717 1399 930 1486 gentiumque
953 1413 985 1464 et
1013 1400 1207 1487 populorum
1216 1435 1316 1482 mh„

135 1485 312 1575 legationes
335 1487 474 1565 Attalus,
493 1487 600 1552 frater*
614 1486 697 1574 regia
714 1486 877 1563 Eumenis,
892 1487 1032 1552 maxime
1050 1489 1311 1556 convestitam·

135 1574 169 1637 in
183 1597 217 1640 se
231 1575 375 1640 omnium
392 1574 502 1640 oculos
516 1574 712 1660 animosque.
735 1586 891 1658 exceptus
905 1573 989 1637 enim
1013 1588 1061 1639 est
1080 1575 1122 1639 ab
1146 1577 1206 1656 bis,

136 1661 192 1747 qui
207 1662 300 1726 simul
312 1683 352 1726 eo
368 1661 452 1726 bello
466 1660 693 1738 militaverunt,
703 1658 787 1724 haud
799 1659 908 1745 paullo
921 1661 1100 1748 benignius,
1110 1685 1206 1749 quam

135 1750 162 1812 ai
183 1749 252 1834 ipse
273 1771 330 1814 rex
354 1747 682 1814 Eumenes'renisset.
727 1745 942 1811 Adduxeraut
969 1769 1042 1812 eum
1068 1748 1143 1814 duae
1172 1751 1207 1816 in

133 1835 269 1920 speciem
287 1835 430 1901 honestae
445 1858 512 1910 res:
537 1856 610 1911 una,
623 1833 809 1922 gratulatio,
825 1834 1015 1903 conveniens
1027 1834 1060 1898 in
1082 1859 1120 1900 ea
1142 1836 1207 1903 vic-

135 1923 229 1998 toria,
258 1945 353 2009 quarn
389 1922 460 2008 ipse
493 1921 696 2008 adjuvissetr·
719 1920 828 1998 altera,
859 1922 1058 2006 querimonia
1089 1923 1207 1990 Gallici

136 2008 301 2086 tumultus,
317 2008 559 2096 ⁸¹Advertaeque
578 2007 694 2096 gladiis
717 2028 751 2071 re
798 2029 851 2072 um
875 2008 907 2071 in
928 2009 1062 2074 dubium
1085 2008 1207 2078 adduc·

136 2109 203 2160 tum
219 2118 309 2162 esse·
342 2095 479 2162 Suberat
490 2109 522 2158 et
533 2111 653 2160 secreta
668 2116 739 2178 spes
784 2115 920 2159 oncrum
935 2096 1208 2185 praemiorumq'ue

136 2182 178 2246 ab
194 2196 316 2261 senatu,
333 2205 406 2270 quae
416 2183 471 2246 vix
486 2182 573 2246 salva
594 2181 711 2265 pietate
725 2181 751 2222 ⁸¹
761 2181 828 2266 ejus
843 2181 1029 2266 contingere
1043 2194 1206 2270 poterant.

136 2283 228 2334 eraut
242 2270 326 2334 enim
339 2270 470 2356 quidam
488 2269 708 2334 Romanorum
723 2289 851 2354 quoque
866 2289 931 2332 nun
953 2267 1030 2332 boni
1048 2283 1205 2350 auctores,

136 2355 271 2442 quispe
291 2357 500 2441 cupiditatem
524 2357 590 2440 ejus
611 2354 780 2419 elicerent:
805 2357 889 2418 Eum
913 2356 1083 2437 opinionem
1097 2359 1137 2422 de
1150 2362 1209 2423 At·

138 2443 203 2506 talo
218 2453 248 2508 et
263 2445 398 2510 Eumene
412 2445 521 2510 Romae
534 2463 606 2519 esre,
623 2453 781 2526 tamquam
797 2443 836 2504 de
849 2443 948 2506 altero
964 2442 1113 2510 Romanis
1127 2454 1209 2509 certo

136 2529 244 2608 amico,
267 2532 362 2596 altero
384 2553 439 2595 nec
460 2529 618 2606 Romanis,
633 2550 688 2592 neo
706 2529 793 2592 Persi
806 2527 878 2607 fillo
899 2529 991 2592 rocio.
1036 2531 1209 2615 Itaqueoic

136 2617 233 2680 statui
245 2639 346 2700 posse,
355 2628 466 2691 utrum,
479 2637 550 2700 quae
561 2637 617 2698 pro
632 2637 671 2692 re,
685 2635 735 2690 an,
752 2635 819 2698 quae
833 2625 937 2678 contro
943 2613 1078 2697 fratrem
1097 2618 1207 2699 petitu·

134 2724 187 2767 ms
201 2714 286 2780 esset,
303 2707 342 2770 ab
356 2714 466 2769 senatu
480 2703 582 2782 magis
596 2702 801 2783 impetrabilia
814 2700 937 2784 forent:
959 2701 1038 2766 odeo
1058 2707 1210 2770 urtioersos

135 2791 236 2856 omnio
250 2801 279 2856 et
294 2791 361 2855 ltuic
375 2793 510 2866 nituere,
523 2787 550 2828 ⁸³
559 2799 588 2852 et
600 2789 649 2852 illi
663 2810 732 2854 uero
743 2809 872 2873 negare,
905 2787 1028 2854 Eorum
1042 2791 1207 2857 hominum

134 2885 186 2958 (nt
195 2887 251 2942 'res
265 2878 388 2954 docuit)
408 2875 535 2942 Attalus
549 2889 626 2952 erat,
639 2875 706 2960 qui,
719 2889 874 2961 quantum
890 2897 961 2960 spes
976 2879 1208 3026 spopondisset,
1217 2922 1296 2970 mli
1306 2938 1362 2988 spu

135 2978 300 3051 cuperent,
318 2966 351 3028 ni
365 2966 459 3028 unius
474 2961 568 3028 amici
584 2963 724 3048 prudens
739 2962 875 3026 monitio
886 2961 974 3028 velut
997 2987 1090 3030 renos
1102 2967 1307 3048 animoprrvae.

136 3051 217 3136 ejus,
238 3051 387 3140 gestienti
412 3048 560 3116 secundis
591 3051 694 3126 rebus,
722 3049 922 3133 inposuisset.
969 3051 1107 3117 Stratius
1135 3076 1207 3120 cum

136 3160 177 3202 eo
190 3138 251 3203 fuit
264 3137 418 3214 medicus,
434 3137 476 3202 ad
491 3138 522 3200 id
540 3137 644 3220 ipsum
660 3159 680 3199 a
694 3157 760 3202 non
779 3156 892 3200 securo
908 3135 1053 3202 Eumene
1071 3140 1209 3206 Romam

136 3226 262 3303 missus,
278 3224 459 3310 speculator
474 3243 589 3300 rerum,
606 3244 679 3374 guae
693 3243 712 3286 a
726 3221 824 3285 fratre
848 3236 1028 3309 agerentur,
1052 3223 1209 3292 monitor·

136 3333 200 3397 que
215 3312 310 3392 lidus,
326 3313 352 3376 si
368 3310 479 3376 decedi
492 3309 558 3376 fide
578 3309 607 3374 vi
632 3309 714 3376 isset.
760 3307 802 3382 Is,
819 3303 861 3372 ad
874 3313 1052 3396 ‚occupatas
1068 3312 1135 3398 jam
1152 3337 1208 3380 au.

559 3469 573 3498 ⁰
583 3465 708 3515 mortitam
718 3463 789 3512 cuer.

132 3635 136 3644 .
172 3601 203 3650 'tt
221 3603 261 3650 Iol
284 3606 327 3651 ast
341 3606 386 3668 jur
408 3603 528 3666 pullicum
557 3599 657 3664 mnam]
689 3601 855 3662 ipnaclamat,
868 3613 987 3648 mmmrtne
1001 3601 1211 3664 maniliumgenttr

138 3665 185 3714 Ubi
203 3669 348 3728 publicanus
365 3673 413 3728 eat,
432 3665 578 3716 alterutrum
595 3668 657 3716 acci·
690 3666 843 3714 nuttrmerre.
1175 3695 1179 3704 ·

133 3731 300 3780 demnoeesse
310 3741 356 3782 est.
388 3735 441 3782 Aut
451 3730 658 3792 remimtusagare'
722 3731 756 3780 80
770 3729 909 3778 Dlmtdtum
935 3731 1020 3779 tribute·
1046 3734 1197 3795 quornvqood

134 3797 259 3856 publicanl
267 3795 433 3860 jubebuntur:
452 3805 512 3846 tunc
524 3793 567 3859 jus
577 3798 658 3857 publi-
690 3797 765 3844 Ocius
786 3795 841 3845 dele
865 3809 924 3842 cum
943 3799 1066 3845 Gronovto
1085 3793 1113 3844 ei
1133 3813 1212 3859 quom.

134 3873 194 3908 cum
214 3876 306 3910 vanum
323 3867 380 3924 erit,
392 3867 418 3912 id
436 3869 483 3922 ast,
496 3877 528 3910 ex
541 3858 599 3924 jure
614 3862 657 3910 illo
688 3861 810 3921 Exempla
831 3860 921 3907 similia
938 3861 1044 3924 reperies
1059 3862 1125 3910 unfra
1140 3877 1210 3925 capp.

135 3927 242 3984 publico,
254 3930 294 3975 vel
306 3931 407 3990 metalli,
419 3930 458 3977 vel
474 3927 585 3990 portarii,
595 3927 657 3974 nihil
689 3927 730 3976 26.
738 3933 763 3972 et
771 3927 814 3974 29.

134 3996 179 4036 aut
196 3995 369 4054 perpaululum
388 3993 497 4055 munia
519 3991 656 4052 recipietur.
721 3991 751 4038 81
769 3990 924 4053 Adoertoepue
945 3990 1050 4056 gladiis]
1079 3993 1139 4042 Hac
1166 4007 1211 4056 pro

132 4056 187 4100 Aut
194 4058 339 4116 publicanus
349 4059 427 4122 n'glde
435 4065 460 4106 et
466 4057 575 4106 districte
582 4063 655 4118 agetr
688 4057 822 4114 desperatis
832 4057 960 4104 habemus.

134 4121 301 4169 tunclibertas
311 4125 383 4170 sociis
394 4125 462 4172 nulla
471 4125 526 4170 erit·
720 4120 753 4170 82
769 4120 845 4184 Ejus]
866 4121 947 4181 Magia
963 4122 1069 4181 placeret
1084 4123 1107 4170 ei
1121 4126 1211 4173 mette

170 4185 203 4233 ’18
219 4185 286 4234 lton
294 4189 411 4253 euertere]
428 4189 561 4236 Mallemus
577 4184 604 4232 td
616 4199 656 4232 er·
686 4199 754 4248 gere.

133 4260 220 4298 eruere.
435 4263 439 4272 ⁴
721 4249 756 4298 83
771 4250 807 4298 Et
827 4251 866 4299 tttt
887 4261 941 4298 uero
959 4251 1208 4316 mgnr012mphastn

167 4315 200 4363 79
218 4319 345 4366 Commune
358 4319 481 4368 oomttmm
495 4317 575 4378 gentis
589 4315 657 4381 erret]
689 4317 844 4378 agnoscimus
859 4319 884 4365 in
901 4315 1090 4376 pamiculauero.
1123 4321 1210 4384 ltaque

15 4373 22 4386 '
134 4381 200 4437 lmo,
211 4390 240 4431 ut
251 4390 316 4432 reete
328 4387 440 4434 observat
452 4384 573 4445 Sigonius,
584 4388 608 4429 et
619 4397 657 4430 res
690 4381 752 4430 nihil
763 4384 911 4432 mutandum
923 4389 1057 4430 censemus.
