3154 4984
416 202 510 262 nru.
540 200 652 268 κων.
683 200 786 263 cur.
811 200 965 264 xxxru.
1173 166 1257 266 sssx

157 375 236 443 erat,
258 379 392 452 propter
413 365 587 434 adrentum
610 363 705 436 simul
720 363 848 434 AEmilii
869 367 944 434 novi
966 365 1116 444 consulis,
1134 383 1270 453 quemn.
1284 381 1380 434 cuae.

155 473 231 527 cum
259 453 443 542 ingentibus
472 454 567 524 ruinis
596 452 767 522 adventure
792 451 953 532 audiebat,
980 453 1073 520 simui
1100 455 1231 520 Octauii
1241 451 1272 498 A.
1285 451 1311 498 ⁰·
1324 448 1379 502 ¹⁶⁸·

154 541 314 624 praetoris.
358 540 461 608 ⁷⁶Nec
476 541 581 610 minus
592 539 722 606 terroris
737 539 866 606 uolasse
879 540 1029 608 Romana
1042 554 1075 605 et
1088 540 1233 626 periculo

156 626 327 694 meritimae
350 649 418 696 orae
439 627 585 698 habebat.
616 625 869 694 'Thessalonice
892 626 1051 694 Eumenes
1073 641 1105 692 et
1127 627 1232 693 Athe·

154 734 296 797 negares
309 729 469 799 preerant
483 735 556 785 curn
580 735 679 798 perro
698 713 850 798 prmsidio
864 713 1001 780 duorum
1019 713 1154 780 millium
1170 737 1233 780 cae·

155 812 327 875 tresorum.
373 801 423 869 Eo
445 816 477 870 et
491 800 687 868 Androclem
703 799 889 885 praefectum
913 801 1021 879 mittit,
1032 803 1155 887 jussum
1173 801 1233 871 sub

155 887 235 972 ipsis
258 886 424 958 navalibus
447 901 550 957 cestra
574 887 702 954 habere.
748 885 881 956 AEuIsm
905 887 991 954 mille
1012 890 1135 975 equites
1157 910 1231 954 cum

154 975 321 1062 Antigono
350 975 436 1046 misit
463 975 504 1043 ad
530 973 697 1043 tutandam
726 975 917 1042 maritimam
944 997 1053 1040 oram:
1081 991 1128 1052 ut,
1151 997 1231 1062 quo-

155 1082 229 1136 cum
255 1083 295 1126 ue
316 1061 409 1133 litore
429 1061 618 1147 adplicuisse
639 1083 736 1128 naves
757 1059 894 1129 hostium
918 1062 1090 1137 audissent,
1111 1076 1232 1127 extem.

154 1146 212 1230 plo
233 1083 357 1218 ioment
378 1147 559 1236 agrestibus
581 1171 687 1234 opem·
720 1147 862 1234 quinque
886 1149 986 1215 millia
1011 1147 1230 1214 Macedonum

154 1235 252 1308 misse
277 1235 318 1303 ad
344 1235 528 1318 presidium
550 1233 692 1321 liPytlrii
721 1247 753 1302 et
780 1234 896 1309 Petrae,
922 1235 1036 1322 quibus
1065 1237 1228 1319 prepositi

154 1333 250 1392 erunt
262 1321 429 1400 Histiaeus,
442 1335 473 1390 et
485 1321 684 1410 Theogenes,
697 1335 729 1388 et
742 1320 837 1387 Milo.
876 1321 941 1386 His
951 1321 1113 1408 profectis,
1125 1322 1228 1408 ripam
1239 1336 1393 1396 Ripamltni-

153 1407 284 1480 munire
314 1409 432 1495 Enipei
460 1410 601 1480 fluminis
629 1408 796 1496 adgressus
825 1422 883 1486 ost,
914 1413 992 1496 quis
1025 1409 1110 1474 sicco
1139 1409 1229 1476 alueo
1238 1403 1377 1461 permunn.

153 1496 285 1565 transiri
300 1507 436 1582 poteret.
479 1497 506 1542 ⁷⁸
517 1496 608 1566 Huic
624 1511 658 1562 ut
673 1495 777 1564 omnis
798 1495 972 1562 multitudo
985 1507 1121 1573 vacaret,
1134 1495 1228 1560 femi-

152 1603 219 1660 nee,
236 1605 278 1656 ex
291 1583 481 1670 propinquis
497 1583 628 1651 urbibus
644 1595 773 1659 cosetae,
786 1582 909 1648 cibaria
930 1583 963 1648 in
985 1596 1089 1648 cestra
1106 1581 1228 1650 adiere-

148 1668 251 1764 'bentt
277 1670 366 1742 miles
376 1671 483 1755 jussus
497 1693 537 1738 ex
552 1670 741 1757 propinquis
753 1663 839 1734 silvis

542 1825 561 1861 -ii
683 1825 701 1861 lt·
824 1825 843 1861 ’k

202 1948 381 2016 XXXIII.
405 1955 482 1995 *i*
505 1969 667 2038 postremo
689 1954 778 2040 sequi
800 1977 833 2018 se
856 1953 1029 2019 inutrarios
1057 1931 1100 2020 ad
1127 1977 1225 2034 mure,

152 2037 243 2123 quod
258 2038 363 2102 minus
378 2051 534 2105 trecentos
549 2063 660 2125 passus
682 2041 802 2119 eberat,
812 2043 915 2128 jussit,
933 2055 964 2106 et
985 2043 1019 2105 in
1041 2041 1134 2108 litore
1148 2041 1227 2108 alios
1237 2061 1341 2108 Inventa

151 2122 233 2188 alibi
255 2124 388 2190 modicis
407 2125 581 2192 intervallis
600 2127 718 2207 fodere.
745 2144 869 2194 montes
892 2128 1031 2218 ingentis
1051 2129 1228 2200 altitudinis
1236 2140 1308 2187 aqua.

151 2233 245 2295 spem
269 2209 436 2291 faciebant,
464 2235 502 2278 eo
529 2215 629 2303 magis
655 2217 730 2302 quia
752 2215 858 2281 nullos
887 2230 1014 2300 apertos
1042 2229 1229 2304 evergerent

151 2298 251 2374 riuos,
267 2299 410 2363 occultos
425 2301 587 2366 continere
603 2302 719 2382 latices,
735 2324 873 2388 quorum
888 2325 978 2366 venae
1000 2302 1035 2374 in,
1056 2324 1143 2366 mare
1157 2325 1228 2388 per-

152 2396 319 2458 manentes
332 2385 465 2452 ⁸⁰undae
479 2391 695 2453 miscerentur.
741 2389 804 2453 Vix
827 2385 964 2454 deducta
986 2410 1111 2454 summa
1132 2411 1230 2462 arens

151 2483 232 2548 eust,
252 2495 351 2558 quum
374 2475 579 2562 scaturigines
605 2475 743 2540 turbidae
766 2476 870 2560 primo
896 2488 927 2539 et
948 2490 1058 2540 tenues
1081 2475 1228 2554 emicare,

151 2558 229 2630 dein
243 2557 395 2646 liquidam
414 2561 607 2648 multumque
617 2561 751 2627 sundere
766 2583 892 2649 aquam,
905 2561 992 2627 velut
1004 2562 1113 2628 Dellm
1129 2563 1227 2641 dono,

151 2660 334 2728 coeperunt.
379 2648 431 2712 Ali
457 2661 587 2712 nantum
603 2672 640 2713 ea
655 2671 782 2738 quoque
797 2671 847 2714 res
869 2649 943 2715 duci
957 2649 1052 2714 famae
1072 2663 1103 2714 et
1118 2662 1228 2717 sucto-

151 2731 256 2800 ritatis
278 2735 362 2818 opud
387 2671 501 2800 milites
523 2735 647 2826 adjecit.
690 2737 793 2802 Jussis
815 2735 932 2802 deinde
955 2737 1109 2808 militibus
1131 2759 1228 2824 expe-

152 2819 225 2882 dire
238 2841 338 2901 arms,
353 2821 421 2906 ipse
435 2844 507 2888 cum
524 2824 660 2887 tribunis
674 2823 700 2864 ⁸¹
709 2823 882 2910 primisque
905 2823 1070 2898 ordinibus
1084 2824 1172 2896 vadit
1186 2825 1229 2896 nd

151 2907 419 2992 contemplandos
435 2911 601 2987 transitus3
625 2933 687 2997 que
702 2911 870 2977 descensus
891 2909 991 2976 facilis
1006 2913 1148 2991 armatis,
1188 2935 1229 2978 ua

151 2995 186 3056 in
202 2992 386 3059 ulteriorem
409 2997 511 3081 ripam
533 2997 663 3062 minime
686 2998 812 3086 iniquus
835 2998 1003 3069 adscensus
1026 3013 1115 3070 esset.
1202 3000 1228 3064 is

152 3080 228 3144 satis
249 3081 435 3166 exploratis,
450 3082 505 3147 illa
519 3106 649 3170 quoque
669 3086 817 3167 primum,
833 3097 870 3154 ut
891 3085 1005 3149 ordine
1027 3109 1064 3150 ac
1087 3086 1155 3156 sine
1177 3099 1227 3150 tu·

151 3165 257 3232 multu
279 3170 387 3232 omnia
408 3169 442 3232 in
464 3171 591 3256 agurius
608 3170 650 3234 ad
673 3185 787 3236 nutum
810 3172 1044 3259 imperiumque
1065 3171 1156 3242 ducis
1171 3172 1227 3239 fie-

151 3266 235 3330 rent,
250 3254 403 3346 providit.
449 3255 517 3322 Ubi
531 3257 680 3329 omnibus
699 3256 794 3322 simul
814 3258 1091 3345 pronunciaretur,
1108 3257 1227 3345 ”quod

150 3339 255 3420 fieret,
280 3363 382 3428 neque
404 3365 515 3410 omnes
540 3343 747 3419 exsudIrent3
777 3345 900 3408 incerto
925 3345 1061 3428 imperio
1083 3359 1225 3430 accepto,

153 3427 243 3504 alios,
259 3427 334 3495 ⁸³ab
349 3452 384 3494 se
398 3429 589 3516 adjicientes,
605 3430 677 3524 plus
699 3453 747 3510 eo,
764 3430 852 3519 quod
866 3431 1056 3516 imperatum
1080 3432 1131 3511 sit,
1148 3431 1226 3497 alios

156 3647 162 3656 ·
188 3615 221 3666 'id
237 3617 292 3666 Neo
312 3619 392 3671 muro
412 3620 523 3685 memte]
545 3619 603 3668 Non
619 3622 673 3668 brac
706 3621 797 3682 ligendi
815 3623 899 3682 procul
916 3621 990 3668 dubio
1006 3625 1064 3670 sunt
1078 3621 1150 3681 iiqui
1166 3623 1228 3670 utri-

152 3681 189 3732 its.
204 3683 344 3742 accipienda
361 3691 429 3745 sunt,
440 3685 510 3745 qussi
521 3687 608 3733 tertius
619 3677 692 3748 qut·'
706 3688 752 3733 bus
762 3700 851 3748 squam
862 3687 888 3731 in
900 3685 1080 3732 castradeterre
1091 3689 1209 3736 solebant.
1240 3695 1243 3707 ¹

151 3747 210 3798 dem
226 3753 313 3803 terror,
324 3757 414 3808 proter
423 3751 518 3796 AEmitit
531 3751 674 3810 merique
725 3750 876 3800 *witfordus
882 3751 1048 3814 miscerentur]
1066 3751 1092 3798 St
1103 3765 1162 3798 sona
1172 3755 1226 3801 haec

152 3813 297 3872 mmmm,
309 3814 425 3862 Perseum
441 3815 570 3864 eumdem
583 3815 674 3862 dicere·
706 3823 773 3870 sunt,
784 3830 832 3862 vox
842 3815 919 3871 unde,
932 3817 966 3862 stc
981 3817 1046 3863 nude
1062 3817 1152 3876 posita,
1164 3819 1227 3869 acci-

151 3881 199 3926 btr-
222 3877 353 3938 comparat
365 3878 451 3926 Liuius
461 3880 615 3927 maritimum
626 3886 674 3926 ter·
704 3882 794 3941 ptenda
804 3887 843 3927 est
853 3894 898 3940 pro
909 3881 979 3928 undis
988 3881 1095 3927 numnis

151 3946 537 4003 restremquerorosesintsrss.
738 3945 769 3991 sl
787 3945 958 3993 Pristin...
973 3945 1104 4010 ordinibus]
1131 3946 1226 3994 Primo-

157 4031 158 4034 ¹
185 4006 218 4056 'ii
236 4003 334 4071 Pythii]
354 4009 531 4070 oumPyrtos
564 4009 675 4057 Gorrexit
705 4010 887 4057 rumordtnum
895 4011 1084 4057 centurIonibus.
1114 4011 1226 4061 Videsn-

151 4069 274 4130 Sigoaius,
286 4080 314 4120 ut
325 4075 426 4134 euprul.
438 4074 522 4125 XLII·
534 4087 556 4126 c.
568 4073 607 4122 δᾶ
705 4073 773 4136 prat.
786 4073 870 4123 XXX.
882 4087 904 4121 o.
915 4075 938 4121 4·

186 4135 219 4184 rs
234 4137 303 4186 Here
314 4143 342 4185 ut
351 4140 427 4186 emrtr
437 4137 575 4202 mutuenda}
590 4139 673 4204 Marri·
695 4191 699 4200 ¹
736 4136 950 4204 82'Quodficret]
969 4139 1059 4186 Sensus
1067 4141 1163 4190 videtur
1173 4143 1224 4190 ext.

151 4199 243 4258 festum
255 4209 292 4249 est
308 4204 400 4265 otiqotd
412 4207 503 4252 deesse.
537 4203 603 4264 Lege
614 4217 672 4254 cum
704 4217 771 4265 gers,
783 4203 903 4265 qutdflcrt
912 4203 1008 4250 minet.

153 4265 266 4315 Hmetor
292 4267 347 4316 duic
366 4271 432 4332 operi
453 4273 481 4317 ut
500 4270 576 4316 omnis
593 4269 674 4316 maut-
737 4266 837 4315 88¹AE
855 4281 879 4315 rs
901 4268 1047 4334 spernens]
1074 4268 1227 4334 injiciente·

153 4331 217 4381 tede.
235 4357 239 4364 ·
705 4332 797 4396 uliqeu'd
808 4347 839 4381 ex
850 4347 894 4380 ruo
905 4335 936 4380 ad
947 4347 976 4382 es
986 4348 1043 4403 quas
1054 4338 1190 4398 sudlerurrt.

186 4400 217 4446 ta
236 4398 358 4462 Utrnrior]
378 4399 435 4446 Vox
443 4399 574 4448 rarissima.
597 4399 673 4446 Intel-
