3154 4984
346 165 428 252 ,nio¹
539 155 543 164 ’
640 133 1023 242 ''r'srsnlvu

193 361 222 408 u.
232 355 263 410 θ’.
274 358 338 412 oen,
353 346 415 423 sia,
426 342 497 410 duci
507 347 540 409 in
549 345 732 430 triumphum
743 345 894 422 mavultis,
906 342 1053 422 Quirites,
1060 353 1090 409 et
1099 345 1136 410 de
1144 344 1309 410 accessione
1312 337 1417 427 potiris

192 429 222 473 Α·
235 426 264 474 ⁰·
277 423 330 473 ¹⁶⁷·
353 433 435 508 belli,
442 435 573 517 quamde
581 431 667 508 lello,
674 431 882 514 triumphari?
894 431 939 494 Et
947 431 1080 516 legiones
1090 431 1260 516 eallqrioo
1268 434 1419 495 laureotae

353 517 453 584 urbem
469 519 600 593 inibunt,
608 527 637 580 et
647 518 772 581 nauales
781 516 879 580 socii?
893 513 1108 581 ‘Macedonica
1117 515 1416 603 legiones,suoabro-

349 601 434 690 gato,
447 604 615 688 triumphos
629 604 745 666 alienos
757 599 958 685 spectabunt?
972 601 998 642 ⁸⁹
1007 602 1093 678 Quid
1106 605 1217 667 deinde
1231 598 1293 666 tom
1308 603 1419 684 opimae

347 692 477 773 meda,
488 691 706 772 tamopulentae
713 689 1039 772 uictoriaespoliisfiet?
1054 691 1192 763 Quonam
1201 689 1352 753 abdentur
1360 687 1419 750 illa

353 777 508 842 totmillia
517 774 1163 855 armorum,detroetacorporibuslrostium?
1179 781 1220 838 an
1231 777 1264 839 in
1271 775 1417 838 Macedo·

354 855 438 926 niam
453 863 665 926 remittentur?
691 859 860 944 Quosigna
872 881 975 935 aurea,
986 880 1164 936 marmoreo,
1175 857 1316 938 eburnea,
1330 859 1420 925 tabet*

354 951 395 1012 lae
400 949 505 1031 picta,
517 948 650 1022 teatilia,
660 955 778 1011 tantum
789 947 913 1029 argenti
923 947 1035 1022 celati,
1045 955 1162 1010 tantum
1174 949 1256 1026 ouri,
1265 947 1417 1028 tantope-

355 1035 446 1108 eunia
461 1036 572 1118 regia?
588 1032 639 1096 An
651 1041 749 1106 noctu
761 1031 1056 1115 tamquamfitrtioa,
1070 1033 1103 1095 in
1118 1035 1263 1097 cerarium
1274 1034 1417 1118 deporta-

355 1115 489 1186 buntur?
515 1119 600 1194 Quid
610 1119 894 1202 illudspectaculum
903 1119 1074 1191 marimum,
1085 1118 1286 1184 nobilissimus
1294 1119 1418 1200 optem

356 1203 425 1270 tissi
428 1227 544 1289 musque
554 1226 610 1267 rea
619 1213 736 1286 captus,
748 1203 801 1266 ubi
811 1204 921 1266 uictori
926 1206 1043 1286 populo
1054 1207 1248 1268 ostendetur?
1269 1206 1351 1289 Quos
1361 1203 1417 1288 sq-

349 1287 625 1375 plcaareeeaptus,
636 1291 764 1352 accessio
775 1289 889 1373 Punici
897 1288 977 1365 belli,
988 1291 1271 1374 conuersusfioerit,
1277 1291 1419 1374 plerique

356 1379 551 1442 meminimus.
594 1378 723 1440 Perseia
737 1395 793 1437 rea
806 1384 921 1456 eaptus,
940 1376 1106 1458 Philippus
1121 1385 1150 1440 et
1164 1375 1420 1456 Aleaanderfilii

355 1465 451 1550 regis,
466 1472 557 1526 tanta
579 1462 714 1540 nomino,
729 1461 952 1524 subtrahentur·
964 1463 1101 1526 ciuitatis
1115 1465 1232 1526 oculis?
1258 1463 1362 1545 Ipsum
1376 1461 1418 1525 132

358 1551 514 1625 Paullum,
530 1548 576 1611 bis
589 1547 747 1626 censilem,
761 1547 935 1610 domitorem
953 1546 1095 1624 Gracia,
1112 1551 1242 1612 omnium
1257 1548 1337 1611 occdi
1350 1559 1436 1610 eon-¹

356 1636 472 1716 spicere
483 1633 583 1698 urbem
594 1653 685 1695 curru
696 1633 913 1718 ingredientem
925 1642 1025 1696 oaent.
1048 1633 1103 1697 Aa
1115 1633 1422 1720 iocfieimuseansu·

357 1717 425 1799 lem,
435 1719 595 1793 utlellam,
611 1717 637 1757 ⁹⁸
640 1739 701 1800 per
714 1719 946 1802 quadriennium
958 1720 1078 1802 ingenti
1088 1721 1180 1784 etiam
1189 1717 1309 1802 pudore
1318 1729 1422 1783 nostro

357 1815 497 1881 tractum,
506 1807 674 1888 perficeret.
688 1806 738 1868 cui
746 1805 854 1868 sortito
859 1805 1059 1886 prouinciam,
1070 1805 1332 1889 cniprofieiscenti
1337 1827 1422 1888 proe-

356 1893 544 1976 sagientibus
551 1893 663 1956 animis
672 1892 830 1954 victoriam
839 1891 1079 1974 triumphumque
1088 1894 1312 1968 destinavimus,
1322 1895 1354 1956 ei
1360 1894 1422 1956 aic-

357 1980 422 2042 tori
435 1978 619 2060 triumphum
633 1977 801 2060 negaturi?
824 1985 853 2039 ei
871 1978 991 2058 quidem
1005 1998 1066 2040 nou
1080 1979 1213 2043 homines
1223 1975 1354 2060 'tantum
1369 1980 1423 2042 sed

359 2064 444 2128 Deos
453 2065 546 2127 etiam
555 2084 608 2126 aaa
616 2062 728 2126 honore
725 2062 918 2144 fraudaturi
923 2067 939 2122 ,θ
958 2062 1033 2127 Diis
1041 2085 1156 2148 quoque
1164 2065 1316 2140 enim,non
1328 2067 1434 2129 solum·

356 2147 566 2224 unanimius,
579 2149 712 2212 debetur.
740 2147 847 2211 Utrum
858 2147 987 2230 majores
1000 2151 1094 2215 nestri
1104 2150 1233 2212 omnium
1244 2171 1422 2234 magnarum

233 2285 236 2290 .
356 2257 458 2300 rerum
469 2245 500 2298 et
515 2235 679 2318 principia
694 2234 795 2297 eaorsi
807 2232 847 2295 ab
862 2235 940 2297 Diis
952 2243 1022 2298 sunt
1047 2235 1108 2299 ⁹²et
1115 2236 1216 2318 finem
1230 2257 1295 2298 acm
1309 2245 1422 2312 statue

264 2376 266 2379 ,
354 2327 454 2402 eunt?
481 2321 600 2396 Consul,
611 2321 814 2404 proficiscens,
825 2329 989 2400 proterve,
1004 2281 1194 2404 ⁹‘paludatis
1208 2323 1372 2398 lictoribus,
1388 2323 1423 2384 its

354 2408 547 2496 marineium
557 2417 586 2470 et
595 2407 639 2470 ad
646 2406 762 2482 bellum,
770 2415 840 2470 vota
849 2406 884 2468 in
891 2406 1050 2487 Capitolio
1057 2417 1228 2490 ancnmepat:
1240 2409 1423 2490 uictor,per-

353 2503 481 2580 petroio
491 2495 601 2569 eaden,
612 2493 646 2556 in
659 2491 816 2574 Capitolio
829 2493 1023 2574 triumphans
1031 2495 1077 2555 'ad
1088 2494 1203 2557 eosdem
1212 2495 1306 2570 Deos,
1318 2493 1426 2578 quibus

357 2589 430 2644 uota
445 2578 640 2660 nuncupauit,
650 2578 759 2641 merita
770 2579 848 2640 dona
854 2577 966 2659 populi
973 2579 1110 2643 Romani
1120 2580 1266 2643 traducit.
1272 2600 1352 2662 pars
1362 2599 1424 2642 non

359 2665 486 2728 minima
500 2663 648 2745 triumphi
661 2671 706 2726 est
726 2663 858 2726 uictima
873 2665 1097 2744 praecedentem
1120 2673 1155 2728 ut
1168 2666 1332 2748 adpareat,
1348 2664 1426 2729 Diis

355 2759 463 2836 'grates
471 2758 607 2832 agentem
623 2749 834 2829 imperatorem
844 2747 880 2810 ab
888 2749 1097 2832 rempublicam
1109 2750 1182 2816 berte
1185 2755 1303 2834 gestam
1312 2753 1427 2815 redire.

361 2837 471 2898 Omnes
479 2835 551 2897 illas
558 2831 823 2916 uictimas,⁹⁴quas
830 2835 1030 2899 traducendas
1041 2837 1075 2900 in
1083 2837 1237 2919 triumpho
1245 2838 1427 2916 vindicavit,

358 2922 443 2984 alias
456 2919 519 2982 alio
532 2919 672 2992 academie,
688 2929 827 2982 mactate.
850 2920 923 2983 illas
945 2922 1065 3004 quidem
1077 2923 1195 3004 epulas
1215 2931 1351 2998 senatus,
1361 2931 1429 3006 qua

360 3027 415 3070 nec
424 3006 553 3088 priuato
563 3005 637 3080 loco,
648 3025 701 3067 nec
707 3003 982 3088 publieoprcfieno,
997 3008 1051 3071 sed
1064 3009 1098 3071 in
1115 3008 1272 3092 Capitolio
1285 3010 1426 3085 eduntur,

358 3090 387 3134 ⁹⁵
396 3101 495 3156 utrum
516 3089 674 3154 leoninum*
686 3091 852 3172 uoluptatis
865 3111 982 3170 caussa,
996 3114 1038 3156 on
1052 3093 1190 3158 Deorum
1203 3093 1425 3178 hominumque,

338 3243 340 3247 ,
361 3187 485 3241 auctore
497 3177 562 3242 Ser.
577 3175 692 3252 Galla,
708 3175 861 3240 tiabaturi
870 3178 971 3241 estis?
986 3178 1027 3241 L.
1039 3181 1150 3244 Paulli
1162 3181 1316 3262 triumpho
1324 3189 1429 3263 poeta

333 3265 561 3331 ,claudenturl
584 3263 655 3326 Rec
668 3260 868 3326 Macedonum
880 3264 1009 3328 Perseus
1018 3285 1082 3328 cum
1096 3265 1243 3333 liberiset
1256 3265 1347 3330 turha
1361 3265 1430 3329 a'lia

391 3487 425 3534 ⁸9
443 3485 506 3542 Quid
522 3485 601 3534 deinde
619 3490 668 3532 mm
685 3485 768 3546 opima
781 3485 877 3546 prada,
910 3487 1055 3545 Gronovius,
1074 3489 1201 3550 pdnddus
1222 3503 1275 3536 cum
1302 3489 1426 3538 lictoribus·

360 3557 412 3600 tarn
422 3549 778 3611 opcdemiruietorioeepoiiisfiet
786 3549 812 3612 i]
825 3551 878 3598 Mo-
910 3551 966 3600 Vid.
978 3559 1029 3600 not.
1039 3554 1077 3604 io.
1089 3557 1121 3602 ed
1130 3556 1147 3600 l.
1160 3555 1231 3603 XLI.
1242 3568 1264 3600 e.
1277 3554 1315 3601 10.

360 3617 409 3664 rito
427 3615 537 3662 resenbit
563 3615 699 3662 Gronovius
728 3619 778 3660 iarn
802 3616 879 3674 opima
943 3615 976 3664 94
993 3615 1057 3674 Quor
1077 3619 1227 3666 traducendas
1258 3619 1284 3664 in
1311 3619 1429 3680 triumplu

357 3679 457 3742 prucios
487 3678 878 3739 quomodoeideditsigoniusin
911 3680 1051 3744 vindicavit]
1069 3675 1166 3736 vidum
1176 3683 1342 3742 manifestum.
1368 3685 1429 3730 Gro-

263 3771 273 3782 ·
359 3746 466 3792 editione
477 3744 556 3798 teriin
568 3749 629 3789 teste
637 3742 756 3790 Hearnio.
906 3745 997 3792 mosius
1014 3748 1144 3808 legendum
1169 3751 1250 3807 putat,
1272 3761 1329 3810 quos
1350 3747 1432 3794 tradas·

394 3809 426 3856 90
442 3807 492 3854 Per
511 3806 702 3870 medimnum]
719 3805 774 3852 Imo
779 3821 824 3868 per
835 3807 880 3856 iri·
910 3807 993 3856 cendm
1002 3812 1029 3856 in
1040 3811 1157 3871 triumplu
1168 3814 1250 3859 aenou
1259 3813 1345 3864 enatis
1356 3813 1428 3866 belle,

360 3875 466 3922 ennium.
500 3871 557 3920 vid.
568 3876 618 3920 not·
631 3870 654 3917 i.
665 3873 697 3918 ad
707 3885 728 3917 e.
740 3869 779 3917 41.
790 3873 862 3920 infra.
911 3873 1016 3922 simodo
1034 3876 1185 3936 intelligatur
1204 3875 1304 3924 Paullus
1320 3877 1432 3924 victime·

395 3937 423 3984 91
443 3936 585 3982 Hominibus
602 3933 700 3981 &letum
725 3935 811 3982 Utrum
829 3951 880 3984 ma
902 3951 961 3993 ‚non
983 3941 1055 3988 modo
1074 3941 1233 3988 monendas
1251 3941 1277 3987 in
1297 3941 1431 4002 triumpho,

354 3999 432 4068 pres]
448 4001 531 4050 Scribe
541 4013 598 4046 oum
609 3999 744 4046 Gronovius
761 3999 880 4062 Diisquo·
911 4003 954 4048 sed
964 4007 989 4048 et
1000 4005 1141 4063 praebendas
1153 4006 1252 4052 locasse.

361 4081 406 4126 que
416 4067 488 4118 enim,
498 4077 544 4112 nou
555 4063 628 4110 solum
644 4063 773 4112 mune
786 4063 879 4113 deheim
943 4065 976 4114 95
994 4065 1082 4116 Utinm
1097 4068 1217 4116 lentinum
1232 4069 1356 4130 voluptatis
1373 4082 1430 4118 eon·

322 4139 324 4144 ·
359 4129 503 4191 triumphus.
536 4127 643 4192 Maiores
653 4127 733 4175 md.
910 4129 1091 4188 emendacione
1106 4132 1278 4196 nominumque]
1302 4133 1361 4181 Non
1377 4134 1431 4180 hae

395 4194 429 4242 92
445 4193 562 4253 Btpnem
580 4203 632 4240 eum
642 4191 783 4256 statuemut]
801 4191 880 4258 Necn-
909 4193 1080 4242 oinoornnobis
1091 4197 1211 4246 videntur.
1234 4197 1434 4259 Fortasselegere

362 4261 471 4320 perleos.
906 4259 1049 4320 ,possimuos
1089 4274 1135 4308 non
1159 4261 1278 4310 mminum
1306 4261 1431 4326 occupatio

395 4322 430 4372 93
445 4320 570 4370 Potudaiis
597 4320 729 4385 maritus]
758 4318 881 4370 Emendat
912 4323 1145 4384 como,seddeorum
1155 4325 1256 4376 lionorin
