3154 4984
438 226 533 286 LIB.
561 223 675 287 erv:
703 225 981 286 CAP.'XXXVI.
1163 228 1241 295 ¹l'b'l

158 391 273 468 cavati,
288 389 397 477 paullo
419 391 490 476 plus'
512 412 609 478 quam
630 389 847 476 millepassus
868 385 1008 477 patebat.
1053 387 1104 457 Ibi
1126 391 1160 454 in
1175 409 1241 455 me—
1251 383 1392 454 incest.

158 479 224 558 dio,
248 477 468 564 spectantibus
490 479 651 564 utrimque
672 500 712 542 ex
742 479 826 542 vallo
856 493 1033 543 castrorum
1055 468 1387 563 strengel-&1⁶⁸0

155 565 233 632 hinc
257 564 389 630 contule
411 587 484 630 cum
511 566 575 629 suis
601 565 790 652 legionibus,
813 579 992 654 pugnatum
1008 578 1064 630 est.
1110 563 1241 630 Missili-

154 654 217 718 bus
231 651 347 738 procul
360 652 450 742 regia
472 652 595 718 auxilia
614 651 727 716 melius
750 655 958 738 pugnabant3
982 654 1128 717 cominus
1143 650 1241 716 stabl-

159 739 223 804 liur
245 750 278 804 et
298 739 409 817 tutior,
432 739 506 805 'aut
527 755 648 824 parma,
672 750 728 803 aut
747 753 838 803 scuto
861 738 1040 826 Ligustino,
1074 739 1242 804 Romanus

155 839 237 892 erat.
282 825 423 890 Meridie
446 826 511 890 lere
532 826 674 912 receptui
696 827 767 889 cani
790 827 854 890 suis
876 825 987 889 consul
1008 827 1112 912 jussit.
1135 826 1181 889 ita
1202 845 1241 890 eo

154 915 207 981 die
228 912 403 978 diremtum
427 913 578 998 proelium
605 925 664 993 est,
679 911 766 977 haud
790 913 900 998 paucis
919 914 1078 1000 utrimque
1093 911 1241 978 interfec-

156 1001 210 1066 tis.
244 998 332 1078 ,sole
343 1014 427 1064 orte
452 1011 580 1086 postero
594 999 657 1076 die,
672 1000 802 1063 irritatis
817 1000 990 1063 certamine
1003 1001 1128 1077 animis,
1144 999 1251 1064 etiarn·

156 1088 264 1152 acrius
278 1106 469 1150 coneursum
485 1101 551 1150 cst:
574 1088 627 1150 sed
646 1086 796 1163 Romani,
812 1105 878 1149 non
894 1086 936 1150 ab
950 1085 1000 1149 his
1013 1099 1150 1164 tantum,
1166 1105 1240 1150 cnm

156 1174 274 1262 quibas
299 1185 497 1238 contractum
525 1185 685 1237 certamen
710 1185 788 1252 erat,
814 1172 870 1236 sed
893 1173 995 1237 multo
1019 1173 1120 1260 magis
1139 1173 1181 1238 ab
1202 1171 1248 1238 ea'

154 1259 372 1336 multitudine,
389 1275 461 1346 'quus
487 1260 641 1345 disposita
664 1260 698 1322 in
724 1259 864 1324 turribus
890 1260 1003 1336 stabat,
1020 1263 1107 1324 omni
1124 1279 1242 1348 genere

117 1356 120 1361 ’
156 1347 326 1412 missilium
347 1347 485 1411 telorum
518 1370 556 1412 ac
587 1347 672 1411 saxis
707 1347 847 1411 maxime
871 1347 1129 1411 vulnerabantur.
1177 1349 1242 1412 Ubi

154 1436 290 1520 propius
319 1435 421 1518 ripam
446 1433 586 1499 hostium
611 1431 777 1510 subissent,
793 1435 959 1498 tormentis
982 1434 1076 1498 missa
1089 1434 1184 1498 etiam
1200 1433 1242 1498 ad

155 1521 287 1586 ultimos
313 1521 548 1606 perveniebant.
595 1519 706 1584 Multo
727 1520 872 1606 pluribus
898 1541 936 1585 eo
951 1520 1003 1584 die
1017 1521 1148 1598 amissis,
1164 1541 1242 1584 con-

156 1608 208 1674 sul
232 1606 342 1693 paullo
357 1609 456 1672 serius
471 1608 590 1692 recepit
604 1629 687 1672 suos.
733 1607 847 1672 Tertio
861 1607 913 1672 die
936 1608 1053 1692 proeliu
1078 1607 1241 1685 abstinuit,

154 1697 323 1784 degressus
338 1695 379 1759 ad
405 1696 502 1759 imam
526 1709 650 1780 partem
665 1706 852 1772 castrorum,
869 1693 967 1759 veluti
989 1694 1069 1781 ”per
1083 1693 1242 1760 devexum

154 1783 191 1846 in
215 1805 303 1846 mare
325 1782 491 1846 brachium
513 1782 680 1846 transitum
703 1793 891 1846 tentaturus.
938 1781 1081 1860 Perseus,
1099 1781 1187 1867 quod
1208 1782 1241 1845 in

156 1869 353 1946 conliserat,

540 1987 559 2024 il·
692 1987 711 2026 'k
845 1989 864 2026 *ll-

202 2103 546 2172 xxxvlassanni
574 2116 648 2188 pust
680 2105 910 2170 circumactum
947 2105 1117 2170 solstitium
1154 2119 1344 2174 erattmminr

157 2189 241 2256 hora
255 2192 318 2256 diei
329 2193 396 2277 jam
413 2190 453 2255 ad
475 2191 641 2257 meridiem
667 2193 837 2280 vergebat:
862 2194 922 2258 iter
938 2191 1040 2256 multo
1055 2194 1186 2276 pulvere
1212 2188 1382 2260 ,truncatio-

158 2278 369 2347 incalescente
390 2277 455 2342 sole
483 2278 602 2343 factum
624 2291 701 2343 erat.
725 2279 879 2343 lassitudo
905 2290 937 2342 et
958 2279 1024 2342 sitis
1044 2281 1111 2364 jam
1129 2281 1243 2346 sentie-

156 2365 265 2444 batur,
295 2383 338 2445 et,
369 2364 499 2430 meridie
524 2366 674 2443 instante,
700 2366 800 2452 magis
829 2365 1051 2430 4accessurum
1074 2379 1244 2454 utrumque

158 2449 345 2536 adparebat.
392 2453 511 2518 Statuit
532 2453 577 2516 sie
599 2450 740 2516 adfectos
762 2452 880 2516 recenti
902 2465 998 2537 atque
1019 2454 1144 2540 integro
1159 2455 1244 2520 hosti

159 2560 226 2602 non
242 2540 388 2625 objicere.
435 2539 499 2605 Sed
523 2551 631 2603 tantus
657 2538 753 2603 ardor
780 2540 811 2602 in
839 2538 952 2602 animis
967 2537 1008 2602 ad
1022 2539 1242 2608 dimicandum

160 2625 322 2712 utrimque
344 2641 421 2704 erat,
438 2641 473 2689 ut
488 2624 612 2692 consuli
632 2647 698 2690 nou
722 2627 845 2690 minore
866 2638 934 2690 arte
955 2625 996 2689 ad
1019 2645 1092 2690 suos
1113 2627 1244 2693 eluden-

161 2710 230 2790 dos,
248 2735 343 2798 quam
358 2713 399 2778 ad
414 2713 533 2798 hostes,
547 2734 630 2797 opus
645 2726 735 2778 esset.
780 2713 935 2778 Nondum
948 2711 1096 2778 omnibus
1107 2714 1243 2780 instruc·

161 2800 215 2881 tis,
231 2800 369 2864 instabat
384 2799 522 2865 tribunis
547 2800 695 2878 militum,
711 2813 748 2865 ut
762 2796 960 2866 maturarent
979 2804 1158 2872 instruere:
1182 2804 1245 2866 clr-

162 2886 305 2952 cumibat
319 2888 387 2972 ipse
411 2889 548 2968 ordiner,
564 2888 686 2952 animos
708 2887 846 2952 militum
871 2887 1032 2953 hortando
1047 2890 1079 2953 in
1101 2912 1245 2976 pugnam

160 2973 365 3038 accendebat.
411 2975 461 3039 lbi
483 2975 588 3059 primo
611 2973 729 3040 alacres
759 2978 886 3064 signum
911 2977 1093 3058 poscebant.
1115 2978 1242 3056 deinde,

161 3073 317 3147 quantum
340 3062 529 3126 incresceret
550 3075 656 3138 oestus,
673 3076 706 3125 et
726 3063 831 3126 vultus
855 3063 960 3126 minus
980 3063 1121 3148 vigentes
1141 3079 1173 3130 et
1187 3089 1240 3130 vo·

73 3199 75 3206 ,
161 3169 213 3214 ces
243 3148 403 3234 segniores
425 3163 525 3225 eraut,
541 3161 574 3211 et
595 3147 724 3234 quidam
747 3148 968 3213 incumbentes
990 3150 1097 3226 scutis,
1121 3151 1244 3238 nisique

162 3234 236 3317 pilis
251 3234 386 3299 stabant.
431 3234 517 3300 Tum
529 3237 595 3320 jam
623 3247 732 3321 aperte
753 3234 887 3318 ⁵primis
908 3235 1074 3300 ordinibus
1095 3235 1242 3322 imperat,

160 3334 357 3388 metarentur
379 3321 518 3387 frontem
548 3332 792 3398 castrorum,·et
821 3321 1039 3406 inpedimenta
1071 3327 1243 3390 constitue·

196 3557 281 3608 enus
295 3569 445 3622 persumet
462 3569 528 3610 rento
543 3561 682 3626 ligustina]
719 3577 787 3621 men,
807 3569 881 3623 atque
900 3563 969 3618 adeo,
987 3569 1016 3609 ut
1035 3563 1085 3610 fere
1107 3561 1144 3623 fit,
1159 3563 1255 3610 minus*
1306 3615 1308 3618 ,

160 3625 212 3678 Hic
224 3637 313 3688 nempe
324 3629 467 3687 pugnabunt
474 3627 561 3675 velites
570 3628 685 3682 Romani,
719 3628 797 3676 altum
809 3634 834 3674 et
845 3628 948 3674 nandtu
960 3627 1056 3674 facilius
1066 3642 1128 3676 esse.

163 3691 207 3750 qui
223 3704 336 3750 parmam
360 3694 497 3748 habebant;
525 3696 552 3739 et
574 3692 685 3753 Ligures,
751 3691 938 3739 detrectatorum
959 3683 1095 3757 uerarisque]
1132 3694 1242 3742 Lassitu-

93 3808 98 3818 ,
161 3757 206 3816 qui
222 3758 450 3816 acutum,eedleve
466 3764 532 3804 etex
551 3771 619 3804 more
635 3771 687 3804 sun
719 3758 803 3804 dinem
822 3764 847 3804 et
863 3757 937 3804 sitim·
982 3759 1031 3806 Hic
1047 3760 1143 3819 generis
1162 3766 1244 3806 muta·

87 3851 88 3854 =
161 3821 251 3880 gentis.
284 3822 363 3869 Testis
375 3826 413 3869 est
424 3821 570 3869 Plutarchus
581 3823 607 3866 ln
619 3835 687 3868 exer·
720 3823 755 3869 tio
774 3823 876 3869 offendit
893 3824 1053 3871 (leunculum.
1092 3827 1140 3872 Sed
1158 3825 1244 3872 eodem

161 3885 214 3934 cita
231 3887 412 3936 AEmiliit'uisae
429 3887 535 3948 aliquem
556 3899 688 3933 numerum
720 3889 792 3946 plane
804 3888 878 3934 medo
895 3895 977 3934 noster
995 3901 1069 3955 supra
1084 3893 1103 3938 l.
1121 3889 1209 3938 XXX.
1221 3901 1244 3936 e.

90 4005 93 4012 Ι
164 3949 298 4010 Ligurum.
720 3951 762 4000 30.
784 3951 861 3998 Tuam
882 3958 904 3999 et
924 3954 1109 4012 aduersantium,
1126 3961 1150 4002 et
1163 3967 1246 4016 perpe·

197 4013 283 4064 3Per
298 4017 410 4072 &rreum
428 4019 454 4063 tn
471 4031 536 4063 mare
556 4015 687 4079 amttam]
722 4021 788 4079 ntem
813 4015 963 4078 felicitatem,
984 4019 1103 4082 ferociora
1136 4023 1244 4080 utroque,

113 4127 115 4130 .
162 4081 204 4128 An
225 4083 316 4130 lorsam
336 4081 597 4142 vallumqueaPerteu
615 4082 690 4127 ducta
722 4082 1216 4146 qrramqutrtircpurcrtcenrtlttr,motue.

163 4159 250 4195 vernas
264 4145 617 4208 mure‚acproindeaceterie
634 4160 689 4192 mu·
754 4143 896 4194 b'Prlmir
906 4147 1037 4210 ordlrrlbm]
1062 4151 1198 4199 Primatum
1208 4161 1247 4198 or.

162 4211 281 4258 nimentis
291 4213 388 4273 longius
395 4213 511 4260 'remutet
523 4227 554 4258 an
563 4211 689 4258 brachium
721 4211 809 4256 ffinum
820 4211 1010 4260 centurionibus.
1051 4217 1166 4264 Testatur
1176 4217 1249 4278 Poly·

163 4276 273 4326 fluminis
290 4278 379 4338 Enipei
394 4279 421 4324 ln
436 4291 505 4325 mare
518 4279 612 4324 devexo
622 4276 691 4322 alteo
722 4277 778 4322 blus
792 4277 810 4323 l.
828 4277 876 4324 Vl.
887 4279 962 4324 lectos
973 4283 1126 4328 centuriones
1136 4295 1194 4329 cum
1206 4281 1249 4327 ul·

165 4340 266 4388 fluens?
284 4343 309 4388 Si
321 4344 367 4389 hoc
378 4343 509 4403 posteriore
517 4355 590 4389 sensu
598 4341 691 4401 capias,
725 4342 792 4388 buno
813 4343 923 4389 militum
944 4351 1080 4393 marorum
1108 4343 1248 4394 metanoea

165 4405 311 4456 indicaverit
327 4406 413 4455 Liuius
429 4407 469 4454 hic
481 4409 590 4454 scindere
610 4419 635 4453 se
648 4406 693 4453 liu·
725 4407 926 4468 scursonem
934 4420 1019 4458 curam
1030 4409 1151 4460 mentm.
1220 4421 1237 4442 ·²
