<?xml version="1.0" encoding="UTF-8"?>
<!DOCTYPE html PUBLIC "-//W3C//DTD XHTML 1.0 Transitional//EN"
    "http://www.w3.org/TR/xhtml1/DTD/xhtml1-transitional.dtd">
<html xmlns="http://www.w3.org/1999/xhtml" xml:lang="en" lang="en">
 <head>
  <title>
</title>
<meta http-equiv="Content-Type" content="text/html;charset=utf-8" />
  <meta name='ocr-system' content='tesseract 3.04.00' />
  <meta name='ocr-capabilities' content='ocr_page ocr_carea ocr_par ocr_line ocrx_word'/>
</head>
<body>
  <div class='ocr_page' id='page_1' title='image "./tliviipatavinih03crevgoog/tliviipatavinih03crevgoog_0124.png"; bbox 0 0 3056 4976; ppageno 0'>
   <div class='ocr_carea' id='block_1_1' title="bbox 433 227 1212 292">
    <p class='ocr_par' dir='ltr' id='par_1_1' title="bbox 433 227 1212 296">
     <span class='ocr_line' id='line_1_1' title="bbox 433 227 1212 292; baseline 0.006 -5"><span class='ocrx_word' id='word_1_1' title='bbox 433 233 434 236; x_wconf 72' lang='grc'>’</span> <span class='ocrx_word' id='word_1_2' title='bbox 525 227 805 290; x_wconf 79' lang='lat' dir='ltr'>PRAEPATIO.</span> <span class='ocrx_word' id='word_1_3' title='bbox 1120 233 1212 292; x_wconf 80' lang='lat' dir='ltr'>&#39;cxvii</span> 
     </span>
    </p>
   </div>
   <div class='ocr_carea' id='block_1_2' title="bbox 10 391 1209 4528">
    <p class='ocr_par' dir='ltr' id='par_1_2' title="bbox 10 391 1209 4528">
     <span class='ocr_line' id='line_1_2' title="bbox 105 391 1208 482; baseline 0.001 -24"><span class='ocrx_word' id='word_1_4' title='bbox 105 391 224 461; x_wconf 76' lang='lat' dir='ltr'>riuimi</span> <span class='ocrx_word' id='word_1_5' title='bbox 250 401 293 460; x_wconf 84' lang='lat' dir='ltr'>&#39;ct&#39;</span> <span class='ocrx_word' id='word_1_6' title='bbox 308 391 349 460; x_wconf 89' lang='lat' dir='ltr'>ad</span> <span class='ocrx_word' id='word_1_7' title='bbox 369 393 548 476; x_wconf 71' lang='lat' dir='ltr'>eumdiem</span> <span class='ocrx_word' id='word_1_8' title='bbox 571 393 729 482; x_wconf 78' lang='lat' dir='ltr'><strong>incogniti</strong></span> <span class='ocrx_word' id='word_1_9' title='bbox 751 392 830 462; x_wconf 89' lang='lat' dir='ltr'>mihi</span> <span class='ocrx_word' id='word_1_10' title='bbox 853 392 953 460; x_wconf 88' lang='lat' dir='ltr'>libelli</span> <span class='ocrx_word' id='word_1_11' title='bbox 977 394 1102 479; x_wconf 89' lang='lat' dir='ltr'>copiam</span> <span class='ocrx_word' id='word_1_12' title='bbox 1121 394 1208 473; x_wconf 69' lang='lat' dir='ltr'>&#39;fecie</span> 
     </span>
     <span class='ocr_line' id='line_1_3' title="bbox 107 477 1209 569; baseline 0.003 -24"><span class='ocrx_word' id='word_1_13' title='bbox 107 479 206 546; x_wconf 89' lang='lat' dir='ltr'>Beru.</span> <span class='ocrx_word' id='word_1_14' title='bbox 221 477 475 546; x_wconf 85' lang='lat' dir='ltr'>Rottendoriius.</span> <span class='ocrx_word' id='word_1_15' title='bbox 499 480 574 546; x_wconf 83' lang='lat' dir='ltr'>Scio</span> <span class='ocrx_word' id='word_1_16' title='bbox 582 478 677 546; x_wconf 88' lang='lat' dir='ltr'>fuisse</span> <span class='ocrx_word' id='word_1_17' title='bbox 684 480 769 546; x_wconf 84' lang='lat' dir='ltr'>viros</span> <span class='ocrx_word' id='word_1_18' title='bbox 778 481 989 564; x_wconf 88' lang='lat' dir='ltr'>doctissimos,</span> <span class='ocrx_word' id='word_1_19' title='bbox 999 481 1053 568; x_wconf 88' lang='lat' dir='ltr'>qui</span> <span class='ocrx_word' id='word_1_20' title='bbox 1065 481 1105 546; x_wconf 90' lang='lat' dir='ltr'>de</span> <span class='ocrx_word' id='word_1_21' title='bbox 1116 481 1209 569; x_wconf 90' lang='lat' dir='ltr'>hujus</span> 
     </span>
     <span class='ocr_line' id='line_1_4' title="bbox 105 565 1208 656; baseline 0.004 -26"><span class='ocrx_word' id='word_1_22' title='bbox 105 565 281 654; x_wconf 84' lang='lat' dir='ltr'>fragmenti</span> <span class='ocrx_word' id='word_1_23' title='bbox 291 567 421 632; x_wconf 90' lang='lat' dir='ltr'>veritate</span> <span class='ocrx_word' id='word_1_24' title='bbox 431 565 664 632; x_wconf 82' lang='lat' dir='ltr'>dubitaverint:</span> <span class='ocrx_word' id='word_1_25' title='bbox 681 566 736 632; x_wconf 88' lang='lat' dir='ltr'>sed</span> <span class='ocrx_word' id='word_1_26' title='bbox 746 566 778 631; x_wconf 94' lang='lat' dir='ltr'>hi</span> <span class='ocrx_word' id='word_1_27' title='bbox 792 567 875 652; x_wconf 89' lang='lat' dir='ltr'>passi</span> <span class='ocrx_word' id='word_1_28' title='bbox 887 581 960 634; x_wconf 89' lang='lat' dir='ltr'>sunt</span> <span class='ocrx_word' id='word_1_29' title='bbox 969 567 1087 656; x_wconf 86' lang='lat' dir='ltr'>aliquid</span> <span class='ocrx_word' id='word_1_30' title='bbox 1096 567 1208 634; x_wconf 90' lang='lat' dir='ltr'>huma·</span> 
     </span>
     <span class='ocr_line' id='line_1_5' title="bbox 105 652 1207 741; baseline 0.003 -23"><span class='ocrx_word' id='word_1_31' title='bbox 105 674 195 730; x_wconf 88' lang='lat' dir='ltr'>num,</span> <span class='ocrx_word' id='word_1_32' title='bbox 208 664 242 720; x_wconf 90' lang='lat' dir='ltr'>et</span> <span class='ocrx_word' id='word_1_33' title='bbox 256 652 352 739; x_wconf 91' lang='lat' dir='ltr'>quale</span> <span class='ocrx_word' id='word_1_34' title='bbox 362 653 458 718; x_wconf 90' lang='lat' dir='ltr'>ruodo</span> <span class='ocrx_word' id='word_1_35' title='bbox 469 653 612 719; x_wconf 82' lang='lat' dir='ltr'><strong>ridebam</strong></span> <span class='ocrx_word' id='word_1_36' title='bbox 624 653 658 716; x_wconf 91' lang='lat' dir='ltr'>in</span> <span class='ocrx_word' id='word_1_37' title='bbox 671 653 725 718; x_wconf 88' lang='lat' dir='ltr'>Fr.</span> <span class='ocrx_word' id='word_1_38' title='bbox 742 653 896 733; x_wconf 86' lang='lat' dir='ltr'>Asulano‚</span> <span class='ocrx_word' id='word_1_39' title='bbox 909 656 962 741; x_wconf 92' lang='lat' dir='ltr'>qui</span> <span class='ocrx_word' id='word_1_40' title='bbox 975 655 1007 718; x_wconf 90' lang='lat' dir='ltr'>in</span> <span class='ocrx_word' id='word_1_41' title='bbox 1020 655 1129 720; x_wconf 90' lang='lat' dir='ltr'>limine</span> <span class='ocrx_word' id='word_1_42' title='bbox 1139 655 1207 740; x_wconf 57' lang='lat' dir='ltr'>pri,</span> 
     </span>
     <span class='ocr_line' id='line_1_6' title="bbox 104 738 1207 829; baseline 0.004 -25"><span class='ocrx_word' id='word_1_43' title='bbox 104 741 149 804; x_wconf 90' lang='lat' dir='ltr'>mi</span> <span class='ocrx_word' id='word_1_44' title='bbox 165 739 247 804; x_wconf 90' lang='lat' dir='ltr'>tomi</span> <span class='ocrx_word' id='word_1_45' title='bbox 268 738 583 816; x_wconf 87' lang='lat' dir='ltr'>Aldinae,accusatis</span> <span class='ocrx_word' id='word_1_46' title='bbox 604 739 813 828; x_wconf 84' lang='lat' dir='ltr'>typographis</span> <span class='ocrx_word' id='word_1_47' title='bbox 838 739 1039 818; x_wconf 84' lang='lat' dir='ltr'>Florentinis,</span> <span class='ocrx_word' id='word_1_48' title='bbox 1062 745 1207 829; x_wconf 85' lang='lat' dir='ltr'>queritur</span> 
     </span>
     <span class='ocr_line' id='line_1_7' title="bbox 103 825 1205 896; baseline 0.004 -6"><span class='ocrx_word' id='word_1_49' title='bbox 103 825 191 892; x_wconf 91' lang='lat' dir='ltr'>aliud</span> <span class='ocrx_word' id='word_1_50' title='bbox 256 847 317 890; x_wconf 91' lang='lat' dir='ltr'>nus</span> <span class='ocrx_word' id='word_1_51' title='bbox 337 826 463 892; x_wconf 90' lang='lat' dir='ltr'>sceleris</span> <span class='ocrx_word' id='word_1_52' title='bbox 485 825 680 892; x_wconf 76' lang='lat' dir='ltr'>commisisse</span> <span class='ocrx_word' id='word_1_53' title='bbox 703 825 917 896; x_wconf 85' lang='lat' dir='ltr'>Basileenses:</span> <span class='ocrx_word' id='word_1_54' title='bbox 942 827 1104 892; x_wconf 79' lang='lat' dir='ltr'>historiam</span> <span class='ocrx_word' id='word_1_55' title='bbox 1120 831 1205 894; x_wconf 89' lang='lat' dir='ltr'>enim</span> 
     </span>
     <span class='ocr_line' id='line_1_8' title="bbox 102 912 1203 999; baseline 0 -21"><span class='ocrx_word' id='word_1_56' title='bbox 102 934 199 999; x_wconf 89' lang='lat' dir='ltr'>quam</span> <span class='ocrx_word' id='word_1_57' title='bbox 226 933 277 978; x_wconf 85' lang='lat' dir='ltr'>am</span> <span class='ocrx_word' id='word_1_58' title='bbox 292 933 398 978; x_wconf 88' lang='lat' dir='ltr'>rerum</span> <span class='ocrx_word' id='word_1_59' title='bbox 422 913 642 978; x_wconf 86' lang='lat' dir='ltr'>Romanarum</span> <span class='ocrx_word' id='word_1_60' title='bbox 657 912 716 978; x_wconf 89' lang='lat' dir='ltr'>sub</span> <span class='ocrx_word' id='word_1_61' title='bbox 731 914 861 978; x_wconf 88' lang='lat' dir='ltr'>nomine</span> <span class='ocrx_word' id='word_1_62' title='bbox 885 913 1043 982; x_wconf 72' lang='lat' dir='ltr'>Paterculi</span> <span class='ocrx_word' id='word_1_63' title='bbox 1059 913 1203 994; x_wconf 85' lang='lat' dir='ltr'>edidisse,</span> 
     </span>
     <span class='ocr_line' id='line_1_9' title="bbox 103 997 1204 1088; baseline 0.002 -24"><span class='ocrx_word' id='word_1_64' title='bbox 103 1001 135 1064; x_wconf 91' lang='lat' dir='ltr'>in</span> <span class='ocrx_word' id='word_1_65' title='bbox 148 1020 216 1086; x_wconf 89' lang='lat' dir='ltr'>quo</span> <span class='ocrx_word' id='word_1_66' title='bbox 228 998 307 1064; x_wconf 91' lang='lat' dir='ltr'>nihil</span> <span class='ocrx_word' id='word_1_67' title='bbox 319 997 385 1063; x_wconf 89' lang='lat' dir='ltr'>fere</span> <span class='ocrx_word' id='word_1_68' title='bbox 397 998 548 1064; x_wconf 85' lang='lat' dir='ltr'>Latinum</span> <span class='ocrx_word' id='word_1_69' title='bbox 560 998 694 1088; x_wconf 89' lang='lat' dir='ltr'>legatur,</span> <span class='ocrx_word' id='word_1_70' title='bbox 706 998 792 1084; x_wconf 90' lang='lat' dir='ltr'>quod</span> <span class='ocrx_word' id='word_1_71' title='bbox 807 1001 942 1086; x_wconf 80' lang='lat' dir='ltr'>Augusti</span> <span class='ocrx_word' id='word_1_72' title='bbox 954 1013 1100 1085; x_wconf 88' lang='lat' dir='ltr'>tempora</span> <span class='ocrx_word' id='word_1_73' title='bbox 1112 1003 1204 1066; x_wconf 90' lang='lat' dir='ltr'>redo·</span> 
     </span>
     <span class='ocr_line' id='line_1_10' title="bbox 102 1076 1204 1172; baseline 0.002 -22"><span class='ocrx_word' id='word_1_74' title='bbox 102 1085 176 1162; x_wconf 84' lang='lat' dir='ltr'>leat,</span> <span class='ocrx_word' id='word_1_75' title='bbox 193 1085 394 1172; x_wconf 82' lang='lat' dir='ltr'>quibuscum</span> <span class='ocrx_word' id='word_1_76' title='bbox 409 1085 553 1152; x_wconf 88' lang='lat' dir='ltr'>floruisse</span> <span class='ocrx_word' id='word_1_77' title='bbox 565 1085 672 1151; x_wconf 83' lang='lat' dir='ltr'>velint.</span> <span class='ocrx_word' id='word_1_78' title='bbox 702 1086 863 1152; x_wconf 85' lang='lat' dir='ltr'>Nimirum</span> <span class='ocrx_word' id='word_1_79' title='bbox 878 1076 912 1150; x_wconf 88' lang='lat' dir='ltr'>iu</span> <span class='ocrx_word' id='word_1_80' title='bbox 926 1085 1204 1172; x_wconf 81' lang='lat' dir='ltr'>similibusdepre-</span> 
     </span>
     <span class='ocr_line' id='line_1_11' title="bbox 102 1169 1204 1258; baseline 0.004 -22"><span class='ocrx_word' id='word_1_81' title='bbox 102 1171 204 1237; x_wconf 86' lang='lat' dir='ltr'>hensa</span> <span class='ocrx_word' id='word_1_82' title='bbox 217 1169 306 1236; x_wconf 84' lang='lat' dir='ltr'>fraus</span> <span class='ocrx_word' id='word_1_83' title='bbox 320 1172 426 1252; x_wconf 89' lang='lat' dir='ltr'>efficit,</span> <span class='ocrx_word' id='word_1_84' title='bbox 440 1184 478 1237; x_wconf 89' lang='lat' dir='ltr'>ut</span> <span class='ocrx_word' id='word_1_85' title='bbox 491 1172 636 1237; x_wconf 89' lang='lat' dir='ltr'>nondum</span> <span class='ocrx_word' id='word_1_86' title='bbox 652 1174 731 1238; x_wconf 90' lang='lat' dir='ltr'>bene</span> <span class='ocrx_word' id='word_1_87' title='bbox 745 1172 907 1258; x_wconf 82' lang='lat' dir='ltr'>perpensis</span> <span class='ocrx_word' id='word_1_88' title='bbox 922 1174 1015 1238; x_wconf 90' lang='lat' dir='ltr'>etiam</span> <span class='ocrx_word' id='word_1_89' title='bbox 1031 1173 1113 1237; x_wconf 89' lang='lat' dir='ltr'>veris</span> <span class='ocrx_word' id='word_1_90' title='bbox 1127 1175 1204 1240; x_wconf 89' lang='lat' dir='ltr'>honi</span> 
     </span>
     <span class='ocr_line' id='line_1_12' title="bbox 101 1257 1201 1344; baseline 0 -20"><span class='ocrx_word' id='word_1_91' title='bbox 101 1258 264 1324; x_wconf 88' lang='lat' dir='ltr'>diffidant.</span> <span class='ocrx_word' id='word_1_92' title='bbox 306 1259 370 1323; x_wconf 87' lang='lat' dir='ltr'>Hae</span> <span class='ocrx_word' id='word_1_93' title='bbox 383 1259 524 1323; x_wconf 89' lang='lat' dir='ltr'>maxime</span> <span class='ocrx_word' id='word_1_94' title='bbox 538 1271 716 1344; x_wconf 76' lang='lat' dir='ltr'>conspectae</span> <span class='ocrx_word' id='word_1_95' title='bbox 730 1259 894 1338; x_wconf 84' lang='lat' dir='ltr'>editiones,</span> <span class='ocrx_word' id='word_1_96' title='bbox 910 1257 981 1342; x_wconf 79' lang='lat' dir='ltr'>haec</span> <span class='ocrx_word' id='word_1_97' title='bbox 997 1261 1201 1339; x_wconf 87' lang='lat' dir='ltr'>incrementa,</span> 
     </span>
     <span class='ocr_line' id='line_1_13' title="bbox 101 1344 1202 1433; baseline 0.002 -23"><span class='ocrx_word' id='word_1_98' title='bbox 101 1345 135 1412; x_wconf 93' lang='lat' dir='ltr'>hi</span> <span class='ocrx_word' id='word_1_99' title='bbox 147 1344 292 1410; x_wconf 85' lang='lat' dir='ltr'>vindices</span> <span class='ocrx_word' id='word_1_100' title='bbox 301 1357 374 1410; x_wconf 89' lang='lat' dir='ltr'>sunt</span> <span class='ocrx_word' id='word_1_101' title='bbox 384 1346 483 1431; x_wconf 90' lang='lat' dir='ltr'>partis</span> <span class='ocrx_word' id='word_1_102' title='bbox 495 1344 538 1410; x_wconf 88' lang='lat' dir='ltr'>T.</span> <span class='ocrx_word' id='word_1_103' title='bbox 549 1345 645 1424; x_wconf 87' lang='lat' dir='ltr'>Livii,</span> <span class='ocrx_word' id='word_1_104' title='bbox 658 1368 730 1433; x_wconf 84' lang='lat' dir='ltr'>quae</span> <span class='ocrx_word' id='word_1_105' title='bbox 739 1345 914 1412; x_wconf 79' lang='lat' dir='ltr'>Libitinam</span> <span class='ocrx_word' id='word_1_106' title='bbox 923 1346 1049 1411; x_wconf 85' lang='lat' dir='ltr'>vitavit:</span> <span class='ocrx_word' id='word_1_107' title='bbox 1065 1368 1202 1433; x_wconf 90' lang='lat' dir='ltr'>quornm</span> 
     </span>
     <span class='ocr_line' id='line_1_14' title="bbox 100 1431 1201 1517; baseline 0 -19"><span class='ocrx_word' id='word_1_108' title='bbox 100 1433 132 1498; x_wconf 93' lang='lat' dir='ltr'>in</span> <span class='ocrx_word' id='word_1_109' title='bbox 143 1431 309 1496; x_wconf 89' lang='lat' dir='ltr'>honorata</span> <span class='ocrx_word' id='word_1_110' title='bbox 318 1434 422 1509; x_wconf 89' lang='lat' dir='ltr'>turba,</span> <span class='ocrx_word' id='word_1_111' title='bbox 436 1433 461 1496; x_wconf 91' lang='lat' dir='ltr'>si</span> <span class='ocrx_word' id='word_1_112' title='bbox 475 1432 525 1496; x_wconf 87' lang='lat' dir='ltr'>vel</span> <span class='ocrx_word' id='word_1_113' title='bbox 535 1432 601 1496; x_wconf 90' lang='lat' dir='ltr'>imo</span> <span class='ocrx_word' id='word_1_114' title='bbox 610 1431 683 1497; x_wconf 90' lang='lat' dir='ltr'>loco</span> <span class='ocrx_word' id='word_1_115' title='bbox 697 1455 748 1498; x_wconf 93' lang='lat' dir='ltr'>me</span> <span class='ocrx_word' id='word_1_116' title='bbox 758 1431 927 1498; x_wconf 84' lang='lat' dir='ltr'>adhaesisse</span> <span class='ocrx_word' id='word_1_117' title='bbox 937 1432 1014 1499; x_wconf 87' lang='lat' dir='ltr'>ieret</span> <span class='ocrx_word' id='word_1_118' title='bbox 1024 1434 1201 1517; x_wconf 84' lang='lat' dir='ltr'>posteritas,</span> 
     </span>
     <span class='ocr_line' id='line_1_15' title="bbox 101 1517 1202 1606; baseline -0.001 -21"><span class='ocrx_word' id='word_1_119' title='bbox 101 1530 146 1586; x_wconf 90' lang='lat' dir='ltr'>est</span> <span class='ocrx_word' id='word_1_120' title='bbox 161 1539 224 1584; x_wconf 91' lang='lat' dir='ltr'>cur</span> <span class='ocrx_word' id='word_1_121' title='bbox 237 1539 290 1583; x_wconf 86' lang='lat' dir='ltr'>mc</span> <span class='ocrx_word' id='word_1_122' title='bbox 312 1517 428 1584; x_wconf 89' lang='lat' dir='ltr'>laboris</span> <span class='ocrx_word' id='word_1_123' title='bbox 449 1517 606 1600; x_wconf 78' lang='lat' dir='ltr'>exhausti,</span> <span class='ocrx_word' id='word_1_124' title='bbox 620 1519 661 1584; x_wconf 91' lang='lat' dir='ltr'>de</span> <span class='ocrx_word' id='word_1_125' title='bbox 675 1541 741 1605; x_wconf 93' lang='lat' dir='ltr'>quo</span> <span class='ocrx_word' id='word_1_126' title='bbox 754 1541 796 1584; x_wconf 88' lang='lat' dir='ltr'>ne</span> <span class='ocrx_word' id='word_1_127' title='bbox 810 1520 941 1584; x_wconf 88' lang='lat' dir='ltr'>summis</span> <span class='ocrx_word' id='word_1_128' title='bbox 963 1519 1090 1606; x_wconf 89' lang='lat' dir='ltr'>quidem</span> <span class='ocrx_word' id='word_1_129' title='bbox 1110 1519 1202 1588; x_wconf 88' lang='lat' dir='ltr'>facile</span> 
     </span>
     <span class='ocr_line' id='line_1_16' title="bbox 101 1604 1200 1693; baseline 0.002 -23"><span class='ocrx_word' id='word_1_130' title='bbox 101 1605 325 1682; x_wconf 85' lang='lat' dir='ltr'>concesserim,</span> <span class='ocrx_word' id='word_1_131' title='bbox 341 1605 472 1670; x_wconf 90' lang='lat' dir='ltr'>minime</span> <span class='ocrx_word' id='word_1_132' title='bbox 486 1606 649 1691; x_wconf 81' lang='lat' dir='ltr'>poeniteat.</span> <span class='ocrx_word' id='word_1_133' title='bbox 687 1604 785 1683; x_wconf 88' lang='lat' dir='ltr'>Quod</span> <span class='ocrx_word' id='word_1_134' title='bbox 800 1619 906 1672; x_wconf 91' lang='lat' dir='ltr'>autem</span> <span class='ocrx_word' id='word_1_135' title='bbox 921 1628 1063 1693; x_wconf 84' lang='lat' dir='ltr'>persaepe</span> <span class='ocrx_word' id='word_1_136' title='bbox 1077 1607 1200 1692; x_wconf 89' lang='lat' dir='ltr'>opinio-</span> 
     </span>
     <span class='ocr_line' id='line_1_17' title="bbox 99 1691 1201 1769; baseline 0.002 -13"><span class='ocrx_word' id='word_1_137' title='bbox 99 1691 195 1759; x_wconf 89' lang='lat' dir='ltr'>nibus</span> <span class='ocrx_word' id='word_1_138' title='bbox 206 1691 336 1756; x_wconf 89' lang='lat' dir='ltr'>illorum</span> <span class='ocrx_word' id='word_1_139' title='bbox 349 1713 414 1756; x_wconf 89' lang='lat' dir='ltr'>non</span> <span class='ocrx_word' id='word_1_140' title='bbox 426 1691 601 1769; x_wconf 84' lang='lat' dir='ltr'>subscribo,</span> <span class='ocrx_word' id='word_1_141' title='bbox 613 1709 689 1758; x_wconf 83' lang='lat' dir='ltr'>cave</span> <span class='ocrx_word' id='word_1_142' title='bbox 700 1691 938 1761; x_wconf 85' lang='lat' dir='ltr'>obtrectationis</span> <span class='ocrx_word' id='word_1_143' title='bbox 949 1691 981 1756; x_wconf 93' lang='lat' dir='ltr'>id</span> <span class='ocrx_word' id='word_1_144' title='bbox 990 1691 1108 1759; x_wconf 86' lang='lat' dir='ltr'>factum</span> <span class='ocrx_word' id='word_1_145' title='bbox 1119 1695 1201 1758; x_wconf 85' lang='lat' dir='ltr'>invi-</span> 
     </span>
     <span class='ocr_line' id='line_1_18' title="bbox 99 1777 1201 1866; baseline 0.002 -22"><span class='ocrx_word' id='word_1_146' title='bbox 99 1779 153 1844; x_wconf 91' lang='lat' dir='ltr'>dia</span> <span class='ocrx_word' id='word_1_147' title='bbox 174 1777 353 1865; x_wconf 89' lang='lat' dir='ltr'>suspiceris.</span> <span class='ocrx_word' id='word_1_148' title='bbox 400 1777 473 1866; x_wconf 76' lang='lat' dir='ltr'>Ego.</span> <span class='ocrx_word' id='word_1_149' title='bbox 491 1801 568 1843; x_wconf 85' lang='lat' dir='ltr'>vero</span> <span class='ocrx_word' id='word_1_150' title='bbox 582 1791 613 1844; x_wconf 94' lang='lat' dir='ltr'>et</span> <span class='ocrx_word' id='word_1_151' title='bbox 631 1778 801 1863; x_wconf 80' lang='lat' dir='ltr'>praeclaros</span> <span class='ocrx_word' id='word_1_152' title='bbox 824 1779 918 1844; x_wconf 81' lang='lat' dir='ltr'>luisse</span> <span class='ocrx_word' id='word_1_153' title='bbox 933 1779 1016 1846; x_wconf 90' lang='lat' dir='ltr'>viros</span> <span class='ocrx_word' id='word_1_154' title='bbox 1031 1801 1151 1858; x_wconf 90' lang='lat' dir='ltr'>omnes,</span> <span class='ocrx_word' id='word_1_155' title='bbox 1168 1795 1201 1846; x_wconf 89' lang='lat' dir='ltr'>et</span> 
     </span>
     <span class='ocr_line' id='line_1_19' title="bbox 98 1863 1199 1954; baseline 0.005 -26"><span class='ocrx_word' id='word_1_156' title='bbox 98 1866 229 1954; x_wconf 85' lang='lat' dir='ltr'>egregie</span> <span class='ocrx_word' id='word_1_157' title='bbox 243 1863 400 1930; x_wconf 83' lang='lat' dir='ltr'>animatos</span> <span class='ocrx_word' id='word_1_158' title='bbox 410 1865 593 1952; x_wconf 90' lang='lat' dir='ltr'>optimeque</span> <span class='ocrx_word' id='word_1_159' title='bbox 607 1865 648 1930; x_wconf 90' lang='lat' dir='ltr'>de</span> <span class='ocrx_word' id='word_1_160' title='bbox 662 1865 758 1930; x_wconf 85' lang='lat' dir='ltr'>Livio</span> <span class='ocrx_word' id='word_1_161' title='bbox 769 1866 897 1932; x_wconf 87' lang='lat' dir='ltr'>meritos</span> <span class='ocrx_word' id='word_1_162' title='bbox 911 1866 1023 1931; x_wconf 90' lang='lat' dir='ltr'>lubens</span> <span class='ocrx_word' id='word_1_163' title='bbox 1034 1867 1199 1934; x_wconf 89' lang='lat' dir='ltr'>confiteor.</span> 
     </span>
     <span class='ocr_line' id='line_1_20' title="bbox 100 1950 1200 2042; baseline 0 -24"><span class='ocrx_word' id='word_1_164' title='bbox 100 1953 175 2018; x_wconf 85' lang='lat' dir='ltr'>Scio</span> <span class='ocrx_word' id='word_1_165' title='bbox 190 1953 290 2016; x_wconf 87' lang='lat' dir='ltr'>etiam</span> <span class='ocrx_word' id='word_1_166' title='bbox 304 1951 425 2016; x_wconf 91' lang='lat' dir='ltr'>nemini</span> <span class='ocrx_word' id='word_1_167' title='bbox 439 1950 508 2016; x_wconf 84' lang='lat' dir='ltr'>lraec</span> <span class='ocrx_word' id='word_1_168' title='bbox 522 1951 628 2017; x_wconf 87' lang='lat' dir='ltr'>studia</span> <span class='ocrx_word' id='word_1_169' title='bbox 648 1950 801 2018; x_wconf 87' lang='lat' dir='ltr'>curiosius</span> <span class='ocrx_word' id='word_1_170' title='bbox 815 1953 963 2018; x_wconf 84' lang='lat' dir='ltr'>tractanti</span> <span class='ocrx_word' id='word_1_171' title='bbox 979 1966 1043 2018; x_wconf 85' lang='lat' dir='ltr'>tam</span> <span class='ocrx_word' id='word_1_172' title='bbox 1059 1975 1200 2042; x_wconf 84' lang='lat' dir='ltr'>praesen·</span> 
     </span>
     <span class='ocr_line' id='line_1_21' title="bbox 98 2037 1200 2129; baseline 0.004 -24"><span class='ocrx_word' id='word_1_173' title='bbox 98 2053 161 2105; x_wconf 91' lang='lat' dir='ltr'>tem</span> <span class='ocrx_word' id='word_1_174' title='bbox 179 2059 310 2122; x_wconf 89' lang='lat' dir='ltr'>semper</span> <span class='ocrx_word' id='word_1_175' title='bbox 329 2038 472 2102; x_wconf 86' lang='lat' dir='ltr'>animum</span> <span class='ocrx_word' id='word_1_176' title='bbox 486 2037 591 2117; x_wconf 88' lang='lat' dir='ltr'>fuisse,</span> <span class='ocrx_word' id='word_1_177' title='bbox 608 2051 813 2125; x_wconf 89' lang='lat' dir='ltr'>utnusquam</span> <span class='ocrx_word' id='word_1_178' title='bbox 828 2039 1034 2126; x_wconf 82' lang='lat' dir='ltr'>impingeret:</span> <span class='ocrx_word' id='word_1_179' title='bbox 1059 2039 1200 2129; x_wconf 87' lang='lat' dir='ltr'>mihique</span> 
     </span>
     <span class='ocr_line' id='line_1_22' title="bbox 97 2122 1199 2214; baseline 0.004 -24"><span class='ocrx_word' id='word_1_180' title='bbox 97 2125 200 2190; x_wconf 89' lang='lat' dir='ltr'>nihilo</span> <span class='ocrx_word' id='word_1_181' title='bbox 215 2126 372 2211; x_wconf 83' lang='lat' dir='ltr'>majorem</span> <span class='ocrx_word' id='word_1_182' title='bbox 385 2122 564 2191; x_wconf 82' lang='lat' dir='ltr'>felicitatem</span> <span class='ocrx_word' id='word_1_183' title='bbox 580 2125 738 2211; x_wconf 90' lang='lat' dir='ltr'>spondeo:</span> <span class='ocrx_word' id='word_1_184' title='bbox 755 2146 823 2203; x_wconf 92' lang='lat' dir='ltr'>nec,</span> <span class='ocrx_word' id='word_1_185' title='bbox 836 2124 949 2213; x_wconf 88' lang='lat' dir='ltr'>siquid</span> <span class='ocrx_word' id='word_1_186' title='bbox 962 2127 994 2190; x_wconf 94' lang='lat' dir='ltr'>in</span> <span class='ocrx_word' id='word_1_187' title='bbox 1006 2148 1199 2214; x_wconf 86' lang='lat' dir='ltr'>quemquam</span> 
     </span>
     <span class='ocr_line' id='line_1_23' title="bbox 96 2211 1196 2300; baseline 0.001 -21"><span class='ocrx_word' id='word_1_188' title='bbox 96 2214 202 2279; x_wconf 84' lang='lat' dir='ltr'>acrius</span> <span class='ocrx_word' id='word_1_189' title='bbox 213 2211 338 2278; x_wconf 78' lang='lat' dir='ltr'>dixisse</span> <span class='ocrx_word' id='word_1_190' title='bbox 346 2211 480 2276; x_wconf 88' lang='lat' dir='ltr'>videbor</span> <span class='ocrx_word' id='word_1_191' title='bbox 491 2233 555 2277; x_wconf 93' lang='lat' dir='ltr'>non</span> <span class='ocrx_word' id='word_1_192' title='bbox 568 2224 632 2276; x_wconf 91' lang='lat' dir='ltr'>tam</span> <span class='ocrx_word' id='word_1_193' title='bbox 644 2213 678 2277; x_wconf 94' lang='lat' dir='ltr'>in</span> <span class='ocrx_word' id='word_1_194' title='bbox 686 2211 756 2277; x_wconf 90' lang='lat' dir='ltr'>illos</span> <span class='ocrx_word' id='word_1_195' title='bbox 767 2211 889 2278; x_wconf 90' lang='lat' dir='ltr'>dictum</span> <span class='ocrx_word' id='word_1_196' title='bbox 900 2212 1089 2290; x_wconf 87' lang='lat' dir='ltr'>dolentibus,</span> <span class='ocrx_word' id='word_1_197' title='bbox 1100 2235 1196 2300; x_wconf 90' lang='lat' dir='ltr'>quam</span> 
     </span>
     <span class='ocr_line' id='line_1_24' title="bbox 95 2296 1197 2384; baseline 0.002 -20"><span class='ocrx_word' id='word_1_198' title='bbox 95 2322 134 2366; x_wconf 89' lang='lat' dir='ltr'>ne</span> <span class='ocrx_word' id='word_1_199' title='bbox 148 2301 185 2366; x_wconf 91' lang='lat' dir='ltr'>in</span> <span class='ocrx_word' id='word_1_200' title='bbox 200 2320 238 2362; x_wconf 88' lang='lat' dir='ltr'>se</span> <span class='ocrx_word' id='word_1_201' title='bbox 252 2296 337 2362; x_wconf 89' lang='lat' dir='ltr'>idem</span> <span class='ocrx_word' id='word_1_202' title='bbox 349 2297 462 2384; x_wconf 86' lang='lat' dir='ltr'>majori</span> <span class='ocrx_word' id='word_1_203' title='bbox 470 2299 544 2384; x_wconf 85' lang='lat' dir='ltr'>jure</span> <span class='ocrx_word' id='word_1_204' title='bbox 558 2298 682 2364; x_wconf 84' lang='lat' dir='ltr'>dicatur</span> <span class='ocrx_word' id='word_1_205' title='bbox 693 2299 881 2375; x_wconf 87' lang='lat' dir='ltr'>verentibus,</span> <span class='ocrx_word' id='word_1_206' title='bbox 897 2298 929 2362; x_wconf 90' lang='lat' dir='ltr'>id</span> <span class='ocrx_word' id='word_1_207' title='bbox 969 2300 1114 2364; x_wconf 90' lang='lat' dir='ltr'>uominus</span> <span class='ocrx_word' id='word_1_208' title='bbox 1129 2301 1197 2384; x_wconf 88' lang='lat' dir='ltr'>ipse</span> 
     </span>
     <span class='ocr_line' id='line_1_25' title="bbox 95 2321 1195 2471; baseline -0.002 -19"><span class='ocrx_word' id='word_1_209' title='bbox 95 2383 468 2470; x_wconf 86' lang='lat' dir='ltr'>similiterdeprehensus</span> <span class='ocrx_word' id='word_1_210' title='bbox 477 2385 591 2470; x_wconf 87' lang='lat' dir='ltr'>patiar,</span> <span class='ocrx_word' id='word_1_211' title='bbox 600 2383 773 2450; x_wconf 88' lang='lat' dir='ltr'>intercedo.</span> <span class='ocrx_word' id='word_1_212' title='bbox 797 2383 882 2448; x_wconf 90' lang='lat' dir='ltr'>Nam</span> <span class='ocrx_word' id='word_1_213' title='bbox 892 2321 1037 2471; x_wconf 76' lang='lat' dir='ltr'>quilevia&#39;</span> <span class='ocrx_word' id='word_1_214' title='bbox 1044 2405 1195 2450; x_wconf 91' lang='lat' dir='ltr'>nonnun-</span> 
     </span>
     <span class='ocr_line' id='line_1_26' title="bbox 94 2470 1208 2558; baseline 0 -20"><span class='ocrx_word' id='word_1_215' title='bbox 94 2493 194 2558; x_wconf 84' lang='lat' dir='ltr'>quam</span> <span class='ocrx_word' id='word_1_216' title='bbox 220 2483 437 2537; x_wconf 85' lang='lat' dir='ltr'>consectatum</span> <span class='ocrx_word' id='word_1_217' title='bbox 457 2471 658 2558; x_wconf 84' lang='lat' dir='ltr'>judicabunt,</span> <span class='ocrx_word' id='word_1_218' title='bbox 682 2470 760 2535; x_wconf 92' lang='lat' dir='ltr'>illud</span> <span class='ocrx_word' id='word_1_219' title='bbox 781 2470 931 2558; x_wconf 88' lang='lat' dir='ltr'>cogitent,</span> <span class='ocrx_word' id='word_1_220' title='bbox 958 2491 1023 2535; x_wconf 90' lang='lat' dir='ltr'>non</span> <span class='ocrx_word' id='word_1_221' title='bbox 1047 2471 1208 2538; x_wconf 85' lang='lat' dir='ltr'>omnibns¹</span> 
     </span>
     <span class='ocr_line' id='line_1_27' title="bbox 93 2555 1196 2644; baseline 0.002 -20"><span class='ocrx_word' id='word_1_222' title='bbox 93 2559 194 2636; x_wconf 89' lang='lat' dir='ltr'>idem,</span> <span class='ocrx_word' id='word_1_223' title='bbox 211 2556 301 2644; x_wconf 92' lang='lat' dir='ltr'>quod</span> <span class='ocrx_word' id='word_1_224' title='bbox 315 2558 402 2643; x_wconf 83' lang='lat' dir='ltr'>ipsis,</span> <span class='ocrx_word' id='word_1_225' title='bbox 418 2557 486 2623; x_wconf 84' lang='lat' dir='ltr'>leve</span> <span class='ocrx_word' id='word_1_226' title='bbox 500 2558 639 2624; x_wconf 90' lang='lat' dir='ltr'>censeri:</span> <span class='ocrx_word' id='word_1_227' title='bbox 662 2579 766 2644; x_wconf 91' lang='lat' dir='ltr'>neque</span> <span class='ocrx_word' id='word_1_228' title='bbox 779 2555 879 2622; x_wconf 91' lang='lat' dir='ltr'>ullum</span> <span class='ocrx_word' id='word_1_229' title='bbox 895 2569 959 2622; x_wconf 81' lang='lat' dir='ltr'>tam</span> <span class='ocrx_word' id='word_1_230' title='bbox 974 2557 1042 2621; x_wconf 89' lang='lat' dir='ltr'>leve</span> <span class='ocrx_word' id='word_1_231' title='bbox 1056 2571 1196 2626; x_wconf 88' lang='lat' dir='ltr'>erratum</span> 
     </span>
     <span class='ocr_line' id='line_1_28' title="bbox 93 2643 1196 2731; baseline 0.002 -21"><span class='ocrx_word' id='word_1_232' title='bbox 93 2644 284 2711; x_wconf 81' lang='lat' dir='ltr'>homiuibus</span> <span class='ocrx_word' id='word_1_233' title='bbox 294 2657 393 2710; x_wconf 71' lang='lat' dir='ltr'>tantae</span> <span class='ocrx_word' id='word_1_234' title='bbox 408 2644 647 2710; x_wconf 85' lang='lat' dir='ltr'>existimationis</span> <span class='ocrx_word' id='word_1_235' title='bbox 657 2643 812 2722; x_wconf 85' lang='lat' dir='ltr'>excidere,</span> <span class='ocrx_word' id='word_1_236' title='bbox 827 2657 940 2710; x_wconf 92' lang='lat' dir='ltr'>utnon</span> <span class='ocrx_word' id='word_1_237' title='bbox 955 2643 1060 2710; x_wconf 88' lang='lat' dir='ltr'>trahat</span> <span class='ocrx_word' id='word_1_238' title='bbox 1074 2645 1196 2731; x_wconf 86' lang='lat' dir='ltr'>impru-</span> 
     </span>
     <span class='ocr_line' id='line_1_29' title="bbox 93 2729 1195 2817; baseline 0.001 -19"><span class='ocrx_word' id='word_1_239' title='bbox 93 2732 206 2798; x_wconf 87' lang='lat' dir='ltr'>dentes</span> <span class='ocrx_word' id='word_1_240' title='bbox 220 2730 350 2807; x_wconf 90' lang='lat' dir='ltr'>multos,</span> <span class='ocrx_word' id='word_1_241' title='bbox 365 2731 427 2795; x_wconf 91' lang='lat' dir='ltr'>nisi</span> <span class='ocrx_word' id='word_1_242' title='bbox 441 2729 702 2796; x_wconf 77' lang='lat' dir='ltr'>commonebant:</span> <span class='ocrx_word' id='word_1_243' title='bbox 726 2743 792 2796; x_wconf 90' lang='lat' dir='ltr'>tum</span> <span class='ocrx_word' id='word_1_244' title='bbox 805 2751 870 2795; x_wconf 90' lang='lat' dir='ltr'>non</span> <span class='ocrx_word' id='word_1_245' title='bbox 882 2753 916 2796; x_wconf 88' lang='lat' dir='ltr'>se</span> <span class='ocrx_word' id='word_1_246' title='bbox 930 2731 1001 2815; x_wconf 91' lang='lat' dir='ltr'>plus</span> <span class='ocrx_word' id='word_1_247' title='bbox 1011 2753 1122 2817; x_wconf 89' lang='lat' dir='ltr'>sapere</span> <span class='ocrx_word' id='word_1_248' title='bbox 1137 2734 1195 2799; x_wconf 85' lang='lat' dir='ltr'>Pa-</span> 
     </span>
     <span class='ocr_line' id='line_1_30' title="bbox 93 2816 1195 2905; baseline 0.001 -21"><span class='ocrx_word' id='word_1_249' title='bbox 93 2817 239 2884; x_wconf 87' lang='lat' dir='ltr'>triarcha</span> <span class='ocrx_word' id='word_1_250' title='bbox 259 2817 457 2905; x_wconf 82' lang='lat' dir='ltr'>Aquileiensi</span> <span class='ocrx_word' id='word_1_251' title='bbox 480 2817 660 2883; x_wconf 88' lang='lat' dir='ltr'>Hermolao</span> <span class='ocrx_word' id='word_1_252' title='bbox 682 2816 837 2895; x_wconf 88' lang='lat' dir='ltr'>Barbara,</span> <span class='ocrx_word' id='word_1_253' title='bbox 853 2819 909 2904; x_wconf 91' lang='lat' dir='ltr'>qui</span> <span class='ocrx_word' id='word_1_254' title='bbox 923 2831 1019 2905; x_wconf 89' lang='lat' dir='ltr'>negat</span> <span class='ocrx_word' id='word_1_255' title='bbox 1034 2821 1068 2883; x_wconf 80' lang='lat' dir='ltr'>in</span> <span class='ocrx_word' id='word_1_256' title='bbox 1083 2821 1195 2885; x_wconf 83' lang='lat' dir='ltr'>Plinio</span> 
     </span>
     <span class='ocr_line' id='line_1_31' title="bbox 92 2903 1194 2991; baseline 0.002 -21"><span class='ocrx_word' id='word_1_257' title='bbox 92 2906 289 2970; x_wconf 84' lang='lat' dir='ltr'>damnandos</span> <span class='ocrx_word' id='word_1_258' title='bbox 305 2927 367 2970; x_wconf 85' lang='lat' dir='ltr'>esse</span> <span class='ocrx_word' id='word_1_259' title='bbox 382 2904 441 2988; x_wconf 89' lang='lat' dir='ltr'>(sic</span> <span class='ocrx_word' id='word_1_260' title='bbox 454 2903 594 2991; x_wconf 86' lang='lat' dir='ltr'>loquitur</span> <span class='ocrx_word' id='word_1_261' title='bbox 616 2904 773 2970; x_wconf 90' lang='lat' dir='ltr'>modeste:</span> <span class='ocrx_word' id='word_1_262' title='bbox 796 2903 866 2968; x_wconf 84' lang='lat' dir='ltr'>vult</span> <span class='ocrx_word' id='word_1_263' title='bbox 880 2917 984 2971; x_wconf 89' lang='lat' dir='ltr'>autem</span> <span class='ocrx_word' id='word_1_264' title='bbox 1007 2905 1128 2985; x_wconf 83' lang='lat' dir='ltr'>dicere,</span> <span class='ocrx_word' id='word_1_265' title='bbox 1140 2930 1194 2972; x_wconf 90' lang='lat' dir='ltr'>eos</span> 
     </span>
     <span class='ocr_line' id='line_1_32' title="bbox 93 2990 1196 3079; baseline 0.002 -22"><span class='ocrx_word' id='word_1_266' title='bbox 93 2992 228 3057; x_wconf 90' lang='lat' dir='ltr'>demum</span> <span class='ocrx_word' id='word_1_267' title='bbox 242 2991 329 3077; x_wconf 89' lang='lat' dir='ltr'>justa</span> <span class='ocrx_word' id='word_1_268' title='bbox 350 2990 506 3056; x_wconf 86' lang='lat' dir='ltr'>industria</span> <span class='ocrx_word' id='word_1_269' title='bbox 528 2991 687 3079; x_wconf 82' lang='lat' dir='ltr'>perfungi)</span> <span class='ocrx_word' id='word_1_270' title='bbox 702 2994 757 3076; x_wconf 83' lang='lat' dir='ltr'>qai</span> <span class='ocrx_word' id='word_1_271' title='bbox 770 3013 808 3054; x_wconf 82' lang='lat' dir='ltr'>ne</span> <span class='ocrx_word' id='word_1_272' title='bbox 821 2991 967 3076; x_wconf 76' lang='lat' dir='ltr'>syllabam</span> <span class='ocrx_word' id='word_1_273' title='bbox 989 2994 1108 3076; x_wconf 84' lang='lat' dir='ltr'>quidem</span> <span class='ocrx_word' id='word_1_274' title='bbox 1118 2997 1196 3077; x_wconf 79' lang='lat' dir='ltr'>pali</span> 
     </span>
     <span class='ocr_line' id='line_1_33' title="bbox 86 3077 1194 3164; baseline 0.001 -20"><span class='ocrx_word' id='word_1_275' title='bbox 86 3081 214 3162; x_wconf 80' lang='lat' dir='ltr'>possint</span> <span class='ocrx_word' id='word_1_276' title='bbox 227 3080 308 3142; x_wconf 82' lang='lat' dir='ltr'>male</span> <span class='ocrx_word' id='word_1_277' title='bbox 321 3080 508 3144; x_wconf 68' lang='lat' dir='ltr'>calecatum.</span> <span class='ocrx_word' id='word_1_278' title='bbox 540 3077 689 3142; x_wconf 88' lang='lat' dir='ltr'>Ceterum</span> <span class='ocrx_word' id='word_1_279' title='bbox 707 3090 751 3152; x_wconf 90' lang='lat' dir='ltr'>ut,</span> <span class='ocrx_word' id='word_1_280' title='bbox 768 3098 840 3163; x_wconf 82' lang='lat' dir='ltr'>qum</span> <span class='ocrx_word' id='word_1_281' title='bbox 857 3078 933 3142; x_wconf 90' lang='lat' dir='ltr'>meis</span> <span class='ocrx_word' id='word_1_282' title='bbox 944 3079 1024 3142; x_wconf 84' lang='lat' dir='ltr'>orris</span> <span class='ocrx_word' id='word_1_283' title='bbox 1037 3093 1194 3164; x_wconf 84' lang='lat' dir='ltr'>praeterea</span> 
     </span>
     <span class='ocr_line' id='line_1_34' title="bbox 92 3163 1194 3249; baseline 0 -18"><span class='ocrx_word' id='word_1_284' title='bbox 92 3165 212 3231; x_wconf 82' lang='lat' dir='ltr'>fuerint</span> <span class='ocrx_word' id='word_1_285' title='bbox 227 3164 441 3241; x_wconf 86' lang='lat' dir='ltr'>auctoritates,</span> <span class='ocrx_word' id='word_1_286' title='bbox 457 3185 498 3228; x_wconf 90' lang='lat' dir='ltr'>ne</span> <span class='ocrx_word' id='word_1_287' title='bbox 511 3163 648 3249; x_wconf 85' lang='lat' dir='ltr'>ignores,</span> <span class='ocrx_word' id='word_1_288' title='bbox 670 3163 830 3248; x_wconf 88' lang='lat' dir='ltr'>fidemque</span> <span class='ocrx_word' id='word_1_289' title='bbox 849 3185 961 3228; x_wconf 51' lang='lat' dir='ltr'>meam¹</span> <span class='ocrx_word' id='word_1_290' title='bbox 973 3165 1150 3248; x_wconf 85' lang='lat' dir='ltr'>explorare,</span> <span class='ocrx_word' id='word_1_291' title='bbox 1167 3167 1194 3232; x_wconf 88' lang='lat' dir='ltr'>si</span> 
     </span>
     <span class='ocr_line' id='line_1_35' title="bbox 91 3249 1193 3336; baseline 0.001 -20"><span class='ocrx_word' id='word_1_292' title='bbox 91 3251 203 3328; x_wconf 92' lang='lat' dir='ltr'>libeat,</span> <span class='ocrx_word' id='word_1_293' title='bbox 221 3250 332 3334; x_wconf 88' lang='lat' dir='ltr'>possis,</span> <span class='ocrx_word' id='word_1_294' title='bbox 348 3250 468 3336; x_wconf 89' lang='lat' dir='ltr'>primos</span> <span class='ocrx_word' id='word_1_295' title='bbox 483 3249 592 3316; x_wconf 90' lang='lat' dir='ltr'>decem</span> <span class='ocrx_word' id='word_1_296' title='bbox 609 3250 706 3315; x_wconf 91' lang='lat' dir='ltr'>libros</span> <span class='ocrx_word' id='word_1_297' title='bbox 721 3250 763 3314; x_wconf 88' lang='lat' dir='ltr'>de</span> <span class='ocrx_word' id='word_1_298' title='bbox 776 3270 849 3314; x_wconf 86' lang='lat' dir='ltr'>meo</span> <span class='ocrx_word' id='word_1_299' title='bbox 862 3249 933 3315; x_wconf 93' lang='lat' dir='ltr'>oleo</span> <span class='ocrx_word' id='word_1_300' title='bbox 943 3263 975 3316; x_wconf 92' lang='lat' dir='ltr'>et</span> <span class='ocrx_word' id='word_1_301' title='bbox 989 3251 1101 3316; x_wconf 90' lang='lat' dir='ltr'>sedulo</span> <span class='ocrx_word' id='word_1_302' title='bbox 1116 3275 1193 3318; x_wconf 89' lang='lat' dir='ltr'>con·</span> 
     </span>
     <span class='ocr_line' id='line_1_36' title="bbox 90 3335 1193 3421; baseline 0 -17"><span class='ocrx_word' id='word_1_303' title='bbox 90 3337 181 3404; x_wconf 87' lang='lat' dir='ltr'>tendi</span> <span class='ocrx_word' id='word_1_304' title='bbox 193 3359 268 3402; x_wconf 89' lang='lat' dir='ltr'>cum</span> <span class='ocrx_word' id='word_1_305' title='bbox 281 3338 406 3421; x_wconf 91' lang='lat' dir='ltr'>scriptis</span> <span class='ocrx_word' id='word_1_306' title='bbox 413 3336 513 3402; x_wconf 83' lang='lat' dir='ltr'>lssaci</span> <span class='ocrx_word' id='word_1_307' title='bbox 523 3336 768 3413; x_wconf 88' lang='lat' dir='ltr'>Vossiiduobus,</span> <span class='ocrx_word' id='word_1_308' title='bbox 782 3335 822 3401; x_wconf 91' lang='lat' dir='ltr'>B.</span> <span class='ocrx_word' id='word_1_309' title='bbox 834 3336 1058 3415; x_wconf 86' lang='lat' dir='ltr'>Rottendorfii,</span> <span class='ocrx_word' id='word_1_310' title='bbox 1072 3338 1193 3404; x_wconf 81' lang='lat' dir='ltr'>Gudia-</span> 
     </span>
     <span class='ocr_line' id='line_1_37' title="bbox 91 3421 1194 3510; baseline -0.002 -20"><span class='ocrx_word' id='word_1_311' title='bbox 91 3447 146 3503; x_wconf 90' lang='lat' dir='ltr'>no,</span> <span class='ocrx_word' id='word_1_312' title='bbox 162 3423 327 3490; x_wconf 90' lang='lat' dir='ltr'>Thuaneo</span> <span class='ocrx_word' id='word_1_313' title='bbox 342 3423 489 3510; x_wconf 80' lang='lat' dir='ltr'>singulis,¹</span> <span class='ocrx_word' id='word_1_314' title='bbox 499 3445 635 3510; x_wconf 89' lang='lat' dir='ltr'>quorum</span> <span class='ocrx_word' id='word_1_315' title='bbox 657 3421 825 3488; x_wconf 89' lang='lat' dir='ltr'>Gudianus</span> <span class='ocrx_word' id='word_1_316' title='bbox 838 3423 880 3488; x_wconf 88' lang='lat' dir='ltr'>ab</span> <span class='ocrx_word' id='word_1_317' title='bbox 894 3423 985 3488; x_wconf 91' lang='lat' dir='ltr'>initio</span> <span class='ocrx_word' id='word_1_318' title='bbox 999 3440 1062 3488; x_wconf 90' lang='lat' dir='ltr'>tres</span> <span class='ocrx_word' id='word_1_319' title='bbox 1075 3424 1142 3490; x_wconf 89' lang='lat' dir='ltr'>fere</span> <span class='ocrx_word' id='word_1_320' title='bbox 1155 3425 1194 3489; x_wconf 93' lang='lat' dir='ltr'>li-</span> 
     </span>
     <span class='ocr_line' id='line_1_38' title="bbox 10 3509 1194 3597; baseline -0.001 -20"><span class='ocrx_word' id='word_1_321' title='bbox 10 3545 11 3548; x_wconf 39' lang='lat'><em>*</em></span> <span class='ocrx_word' id='word_1_322' title='bbox 92 3511 170 3577; x_wconf 87' lang='lat' dir='ltr'>bros</span> <span class='ocrx_word' id='word_1_323' title='bbox 187 3523 220 3576; x_wconf 88' lang='lat' dir='ltr'>et</span> <span class='ocrx_word' id='word_1_324' title='bbox 237 3509 424 3595; x_wconf 88' lang='lat' dir='ltr'>particulam</span> <span class='ocrx_word' id='word_1_325' title='bbox 443 3512 568 3596; x_wconf 84' lang='lat' dir='ltr'>quarti,</span> <span class='ocrx_word' id='word_1_326' title='bbox 579 3509 757 3575; x_wconf 87' lang='lat' dir='ltr'>Thuaneus</span> <span class='ocrx_word' id='word_1_327' title='bbox 768 3530 840 3574; x_wconf 91' lang='lat' dir='ltr'>cum</span> <span class='ocrx_word' id='word_1_328' title='bbox 855 3523 945 3574; x_wconf 88' lang='lat' dir='ltr'>sexto</span> <span class='ocrx_word' id='word_1_329' title='bbox 959 3511 1098 3597; x_wconf 89' lang='lat' dir='ltr'>reliquos</span> <span class='ocrx_word' id='word_1_330' title='bbox 1113 3511 1194 3576; x_wconf 90' lang='lat' dir='ltr'>inte-</span> 
     </span>
     <span class='ocr_line' id='line_1_39' title="bbox 89 3595 1193 3686; baseline -0.002 -22"><span class='ocrx_word' id='word_1_331' title='bbox 89 3621 166 3686; x_wconf 87' lang='lat' dir='ltr'>gros</span> <span class='ocrx_word' id='word_1_332' title='bbox 182 3596 403 3662; x_wconf 86' lang='lat' dir='ltr'>continebant.</span> <span class='ocrx_word' id='word_1_333' title='bbox 444 3597 556 3666; x_wconf 89' lang='lat' dir='ltr'>Obiter</span> <span class='ocrx_word' id='word_1_334' title='bbox 571 3610 603 3662; x_wconf 91' lang='lat' dir='ltr'>et</span> <span class='ocrx_word' id='word_1_335' title='bbox 613 3595 780 3661; x_wconf 89' lang='lat' dir='ltr'>vellicatim</span> <span class='ocrx_word' id='word_1_336' title='bbox 792 3596 934 3660; x_wconf 92' lang='lat' dir='ltr'>consului</span> <span class='ocrx_word' id='word_1_337' title='bbox 947 3596 988 3662; x_wconf 80' lang='lat' dir='ltr'>&lt;le</span> <span class='ocrx_word' id='word_1_338' title='bbox 1002 3597 1193 3682; x_wconf 88' lang='lat' dir='ltr'>quibusdam</span> 
     </span>
     <span class='ocr_line' id='line_1_40' title="bbox 90 3682 1195 3770; baseline -0.002 -20"><span class='ocrx_word' id='word_1_339' title='bbox 90 3685 170 3750; x_wconf 88' lang='lat' dir='ltr'>locis</span> <span class='ocrx_word' id='word_1_340' title='bbox 187 3683 408 3749; x_wconf 85' lang='lat' dir='ltr'>Oxoniensem</span> <span class='ocrx_word' id='word_1_341' title='bbox 431 3682 565 3770; x_wconf 85' lang='lat' dir='ltr'>Collegii</span> <span class='ocrx_word' id='word_1_342' title='bbox 580 3684 665 3760; x_wconf 86' lang='lat' dir='ltr'>novi,</span> <span class='ocrx_word' id='word_1_343' title='bbox 681 3683 803 3768; x_wconf 90' lang='lat' dir='ltr'>regium</span> <span class='ocrx_word' id='word_1_344' title='bbox 820 3683 965 3760; x_wconf 85' lang='lat' dir='ltr'>Lutetioe,</span> <span class='ocrx_word' id='word_1_345' title='bbox 982 3683 1104 3768; x_wconf 89' lang='lat' dir='ltr'>aliquot</span> <span class='ocrx_word' id='word_1_346' title='bbox 1120 3683 1195 3748; x_wconf 88' lang='lat' dir='ltr'>Flo·</span> 
     </span>
     <span class='ocr_line' id='line_1_41' title="bbox 89 3768 1195 3857; baseline 0.001 -22"><span class='ocrx_word' id='word_1_347' title='bbox 89 3771 249 3838; x_wconf 89' lang='lat' dir='ltr'>rentinos.</span> <span class='ocrx_word' id='word_1_348' title='bbox 295 3769 471 3857; x_wconf 83' lang='lat' dir='ltr'>Excerptas</span> <span class='ocrx_word' id='word_1_349' title='bbox 494 3771 659 3834; x_wconf 88' lang='lat' dir='ltr'>varietates</span> <span class='ocrx_word' id='word_1_350' title='bbox 681 3768 794 3854; x_wconf 85' lang='lat' dir='ltr'>optimi</span> <span class='ocrx_word' id='word_1_351' title='bbox 817 3771 959 3834; x_wconf 88' lang='lat' dir='ltr'>omniurn</span> <span class='ocrx_word' id='word_1_352' title='bbox 982 3770 1080 3854; x_wconf 91' lang='lat' dir='ltr'>partis</span> <span class='ocrx_word' id='word_1_353' title='bbox 1100 3769 1195 3856; x_wconf 90' lang='lat' dir='ltr'>hujus</span> 
     </span>
     <span class='ocr_line' id='line_1_42' title="bbox 90 3855 1195 3943; baseline -0.001 -19"><span class='ocrx_word' id='word_1_354' title='bbox 90 3856 286 3934; x_wconf 88' lang='lat' dir='ltr'>Florentini,</span> <span class='ocrx_word' id='word_1_355' title='bbox 306 3857 422 3942; x_wconf 86' lang='lat' dir='ltr'>partim</span> <span class='ocrx_word' id='word_1_356' title='bbox 437 3855 548 3922; x_wconf 50' lang='lat' dir='ltr'>¹Lucas</span> <span class='ocrx_word' id='word_1_357' title='bbox 571 3856 845 3943; x_wconf 85' lang='lat' dir='ltr'>Langermannus‚</span> <span class='ocrx_word' id='word_1_358' title='bbox 868 3856 1074 3920; x_wconf 85' lang='lat' dir='ltr'>consobrinus</span> <span class='ocrx_word' id='word_1_359' title='bbox 1095 3879 1195 3938; x_wconf 88' lang='lat' dir='ltr'>meus,</span> 
     </span>
     <span class='ocr_line' id='line_1_43' title="bbox 93 3941 1196 4030; baseline 0 -20"><span class='ocrx_word' id='word_1_360' title='bbox 93 3946 204 4030; x_wconf 88' lang='lat' dir='ltr'>(quiet</span> <span class='ocrx_word' id='word_1_361' title='bbox 216 3941 526 4025; x_wconf 87' lang='lat' dir='ltr'>Helmaestadiensis)</span> <span class='ocrx_word' id='word_1_362' title='bbox 538 3943 652 4027; x_wconf 91' lang='lat' dir='ltr'>partim</span> <span class='ocrx_word' id='word_1_363' title='bbox 665 3941 880 4029; x_wconf 85' lang='lat' dir='ltr'>Marquardus</span> <span class='ocrx_word' id='word_1_364' title='bbox 890 3943 1017 4008; x_wconf 89' lang='lat' dir='ltr'>Gudius</span> <span class='ocrx_word' id='word_1_365' title='bbox 1025 3943 1196 4010; x_wconf 88' lang='lat' dir='ltr'>subminis-</span> 
     </span>
     <span class='ocr_line' id='line_1_44' title="bbox 90 4028 1195 4100; baseline -0.001 -3"><span class='ocrx_word' id='word_1_366' title='bbox 90 4040 240 4098; x_wconf 86' lang='lat' dir='ltr'>trarunt:</span> <span class='ocrx_word' id='word_1_367' title='bbox 265 4028 440 4094; x_wconf 86' lang='lat' dir='ltr'>Buslidiani</span> <span class='ocrx_word' id='word_1_368' title='bbox 461 4042 493 4094; x_wconf 92' lang='lat' dir='ltr'>et</span> <span class='ocrx_word' id='word_1_369' title='bbox 509 4029 692 4100; x_wconf 83' lang='lat' dir='ltr'>Chifletiani</span> <span class='ocrx_word' id='word_1_370' title='bbox 715 4028 865 4094; x_wconf 82' lang='lat' dir='ltr'>Albertus</span> <span class='ocrx_word' id='word_1_371' title='bbox 889 4029 1072 4095; x_wconf 89' lang='lat' dir='ltr'>Rubenius:</span> <span class='ocrx_word' id='word_1_372' title='bbox 1097 4031 1195 4096; x_wconf 90' lang='lat' dir='ltr'>trium</span> 
     </span>
     <span class='ocr_line' id='line_1_45' title="bbox 90 4115 1195 4204; baseline 0 -22"><span class='ocrx_word' id='word_1_373' title='bbox 90 4117 257 4204; x_wconf 80' lang='lat' dir='ltr'>quondam</span> <span class='ocrx_word' id='word_1_374' title='bbox 284 4115 502 4182; x_wconf 80' lang='lat' dir='ltr'>Palatinarum</span> <span class='ocrx_word' id='word_1_375' title='bbox 516 4116 662 4181; x_wconf 92' lang='lat' dir='ltr'>codicum</span> <span class='ocrx_word' id='word_1_376' title='bbox 678 4115 742 4180; x_wconf 88' lang='lat' dir='ltr'>fide</span> <span class='ocrx_word' id='word_1_377' title='bbox 756 4115 830 4180; x_wconf 90' lang='lat' dir='ltr'>Jani</span> <span class='ocrx_word' id='word_1_378' title='bbox 847 4115 1013 4180; x_wconf 89' lang='lat' dir='ltr'>Gebhardi</span> <span class='ocrx_word' id='word_1_379' title='bbox 1037 4117 1195 4183; x_wconf 85' lang='lat' dir='ltr'>Suffridus</span> 
     </span>
     <span class='ocr_line' id='line_1_46' title="bbox 93 4201 1194 4304; baseline -0.002 -35"><span class='ocrx_word' id='word_1_380' title='bbox 93 4205 252 4270; x_wconf 87' lang='lat' dir='ltr'>Sixtiuus.</span> <span class='ocrx_word' id='word_1_381' title='bbox 285 4201 419 4267; x_wconf 85' lang='lat' dir='ltr'>Puteani</span> <span class='ocrx_word' id='word_1_382' title='bbox 431 4223 558 4304; x_wconf 89' lang='lat' dir='ltr'>quoque</span> <span class='ocrx_word' id='word_1_383' title='bbox 569 4203 681 4268; x_wconf 84' lang='lat' dir='ltr'>fratres</span> <span class='ocrx_word' id='word_1_384' title='bbox 695 4201 828 4269; x_wconf 87' lang='lat' dir='ltr'>schedas</span> <span class='ocrx_word' id='word_1_385' title='bbox 840 4203 1038 4287; x_wconf 85' lang='lat' dir='ltr'>parentissui</span> <span class='ocrx_word' id='word_1_386' title='bbox 1055 4203 1194 4281; x_wconf 88' lang='lat' dir='ltr'>Claudii,</span> 
     </span>
     <span class='ocr_line' id='line_1_47' title="bbox 90 4287 1197 4378; baseline 0.001 -24"><span class='ocrx_word' id='word_1_387' title='bbox 90 4290 125 4356; x_wconf 92' lang='lat' dir='ltr'>in</span> <span class='ocrx_word' id='word_1_388' title='bbox 147 4290 269 4378; x_wconf 88' lang='lat' dir='ltr'>quibus</span> <span class='ocrx_word' id='word_1_389' title='bbox 292 4311 333 4355; x_wconf 85' lang='lat' dir='ltr'>ex</span> <span class='ocrx_word' id='word_1_390' title='bbox 357 4287 824 4374; x_wconf 86' lang='lat' dir='ltr'>Ful.Urs1nietJac.Cujatii</span> <span class='ocrx_word' id='word_1_391' title='bbox 847 4287 1039 4369; x_wconf 88' lang='lat' dir='ltr'>membranis</span> <span class='ocrx_word' id='word_1_392' title='bbox 1060 4291 1197 4376; x_wconf 81' lang='lat' dir='ltr'>paucula</span> 
     </span>
     <span class='ocr_line' id='line_1_48' title="bbox 91 4375 1201 4464; baseline -0.001 -19"><span class='ocrx_word' id='word_1_393' title='bbox 91 4377 245 4462; x_wconf 82' lang='lat' dir='ltr'>qnaedam</span> <span class='ocrx_word' id='word_1_394' title='bbox 258 4391 430 4463; x_wconf 89' lang='lat' dir='ltr'>properata</span> <span class='ocrx_word' id='word_1_395' title='bbox 442 4390 542 4456; x_wconf 87' lang='lat' dir='ltr'>erant,</span> <span class='ocrx_word' id='word_1_396' title='bbox 555 4376 640 4442; x_wconf 90' lang='lat' dir='ltr'>ultro</span> <span class='ocrx_word' id='word_1_397' title='bbox 652 4377 859 4464; x_wconf 86' lang='lat' dir='ltr'>ingesserunt.</span> <span class='ocrx_word' id='word_1_398' title='bbox 882 4375 933 4440; x_wconf 93' lang='lat' dir='ltr'>Ab</span> <span class='ocrx_word' id='word_1_399' title='bbox 946 4376 1055 4441; x_wconf 89' lang='lat' dir='ltr'>iisdem</span> <span class='ocrx_word' id='word_1_400' title='bbox 1067 4377 1100 4440; x_wconf 92' lang='lat' dir='ltr'>in</span> <span class='ocrx_word' id='word_1_401' title='bbox 1113 4377 1201 4444; x_wconf 82' lang='lat' dir='ltr'>bella</span> 
     </span>
     <span class='ocr_line' id='line_1_49' title="bbox 620 4471 677 4528; baseline 0.035 -2"><span class='ocrx_word' id='word_1_402' title='bbox 620 4471 677 4528; x_wconf 62' lang='grc' dir='ltr'>ΗΒ</span> 
     </span>
    </p>
   </div>
   <div class='ocr_carea' id='block_1_3' title="bbox 0 0 1532 4976">
    <p class='ocr_par' dir='ltr' id='par_1_3' title="bbox 0 0 1532 4976">
     <span class='ocr_line' id='line_1_50' title="bbox 0 0 1532 4976; baseline 0 5"><span class='ocrx_word' id='word_1_403' title='bbox 0 0 1532 4976; x_wconf 95' lang='lat' dir='ltr'> </span> 
     </span>
    </p>
   </div>
  </div>
 </body>
</html>
