3056 4976
498 181 786 248 noerolium.
900 190 903 210 ‘
1117 187 1186 264 arxi

369 349 498 415 Velleius
512 350 692 416 Poteram
705 351 763 416 lib.
775 351 805 416 Ι.
819 374 844 416 c.
862 356 915 420 17.

131 438 328 517 Historiam,
344 433 395 522 (ut
408 450 440 502 et
456 433 585 502 Livium
600 458 729 524 quoque
749 438 895 522 priorum
917 436 1004 504 retati
1025 435 1185 523 adsutus)

90 541 202 616 prater
218 527 391 604 Catonern,
406 535 439 590 et
451 523 606 612 quosdam
621 537 743 590 veteres
757 536 790 590 et
800 523 963 602 obscuros,
975 524 1082 592 minus
1096 529 1191 592 octo:

90 617 176 706 ginta
190 613 285 679 annis
299 609 531 676 circumdatum
544 631 649 676 aevum
662 609 748 675 tulit.
935 659 937 666 ,

347 729 351 736 ·
481 698 564 762 laem
578 697 633 761 lib.
648 697 698 762 ΙΙ.
713 719 738 761 c.
754 704 806 762 36.

131 788 220 853 Pene
234 784 332 850 stulta
346 795 396 850 est
409 781 631 849 inhaerentium
642 781 741 848 ooulia
756 782 957 872 ingeniorum
972 783 1187 851 enumeratio:

89 876 261 960 interquae
275 871 415 936 maxime
425 869 527 934 nostri
538 869 598 935 aevi
608 869 759 949 eminent,
768 869 915 955 princeps
926 871 1101 936 carminum
1113 870 1188 936 Vir·

87 961 193 1049 gilius,
213 957 435 1110 debiriusque’
445 967 477 1021 et
489 967 676 1022 consecutus
692 954 876 1022 Sallustium
892 955 1013 1036 Livius,
1025 956 1189 1024 Tibullus·

111 1070 150 1113 ue
177 1058 211 1111 et
261 1067 325 1109 aso.

89 1072 109 1135 q
149 1092 160 1125 ⁵
348 1129 490 1196 Valerius
505 1127 666 1194 Maximus
678 1128 735 1193 lib.
748 1130 779 1193 I.
793 1150 864 1212 cap.
879 1131 935 1193 ult.

130 1218 223 1298 Quia
233 1239 329 1303 supra
338 1216 486 1281 usitatam
496 1215 652 1280 rationem
659 1215 843 1280 excedentia
851 1213 908 1279 atti
933 1214 1024 1298 'mua
1037 1217 1191 1304 serpentis

82 1296 220 1459 ilpuoque
229 1303 302 1454 asts:
312 1302 407 1453 Lpfrro
418 1300 542 1452 curiosp
550 1300 681 1452 ppriterd
680 1299 860 1452 acfapunde
870 1323 887 1364 r
887 1315 985 1454 tam
990 1301 1047 1368 fiat
1058 1305 1188 1456 mfflq‘

105 1413 219 1459 senum
232 1413 262 1456 ar
291 1412 325 1454 m
397 1409 474 1452 rcaa
498 1410 519 1452 u
584 1411 602 1452 a
684 1409 735 1452 sm
772 1409 877 1466 umen,
1094 1410 1104 1453 r
1163 1413 1190 1455 r·

87 1481 136 1546 nis
152 1498 296 1567 anguem
311 1473 464 1552 fuissesut
474 1409 565 1539 lltilii
578 1409 695 1562 Rbrglrli
710 1475 885 1540 exercitum
896 1497 956 1540 usu
968 1411 1190 1563 anldigsltrohi-

87 1567 197 1631 beret:
224 1561 395 1648 multisque
416 1559 567 1626 militibus
589 1560 711 1646 ingenti
725 1582 781 1626 ore
794 1561 957 1646 correptis,
973 1562 1190 1648 compluribus

87 1652 202 1718 caudae
219 1647 433 1714 voluminibus
446 1645 540 1728 elisis,
552 1668 650 1734 quum
662 1646 796 1712 telorum
807 1648 895 1734 jactu
910 1647 1064 1734 perforari
1078 1651 1189 1738 nequi·

86 1751 145 1817 ret,
156 1738 202 1804 ad
217 1735 366 1802 ultimum
378 1732 573 1818 ballistarum
585 1734 750 1800 tormentis
760 1732 902 1820 undique
911 1733 1053 1820 petitam,
1066 1736 1189 1803 silicum

86 1825 210 1892 crebris
226 1838 259 1888 et
278 1819 463 1907 ponderosis
485 1820 668 1904 verberibus
690 1819 912 1906 procubuisset
935 1821 1145 1909 omnibusque
1158 1835 1192 1890 et

85 1910 277 1978 cohortibus
292 1919 324 1973 et
339 1905 515 1996 legionibus
536 1906 605 1992 ipsa
626 1903 821 1994 Carthagine
834 1909 932 1973 visam
947 1907 1188 1996 terribiliorum:

86 2013 187 2087 atque
203 1997 300 2062 etiam
315 2015 427 2059 eruore
438 2015 496 2057 suo
506 1991 685 2081 gurgitibus
695 1993 833 2070 imbutis,
843 1993 1047 2081 corporisque
1056 1995 1191 2081 jacentis

85 2083 244 2170 pestifero
251 2079 360 2148 afflatu
369 2080 472 2145 vicina
480 2079 609 2166 regione
617 2079 749 2165 polluta,
759 2079 905 2146 Romanu
912 2081 990 2146 iude
998 2081 1193 2150 submovisse

87 2185 205 2237 castra.
250 2168 342 2234 Dicit
363 2165 478 2232 belluae
495 2167 590 2232 etiam
605 2165 729 2240 corium
743 2180 870 2232 centum
885 2167 997 2256 viginti
1012 2168 1107 2252 pedes
1122 2171 1191 2237 lou·

88 2279 183 2346 gum,
198 2256 234 2320 in
248 2255 360 2320 urbem
375 2253 516 2318 missum.

237 2359 241 2368 ’
338 2341 452 2406 Seneca
457 2340 547 2420 filius
562 2339 613 2404 to.
629 2339 656 2404 1.
672 2339 711 2403 de
722 2340 792 2418 Ira,
807 2360 877 2424 cap.
895 2347 946 2406 16.

133 2429 215 2495 Non
228 2439 276 2492 est
287 2425 373 2514 quod
383 2425 544 2492 existimes
553 2447 661 2500 verum
673 2447 749 2503 esse,
759 2425 845 2511 quod
856 2426 942 2512 apud
953 2426 1192 2494 disertissimum
1287 2473 1291 2482 ‚

88 2518 196 2581 virum
221 2513 351 2579 Livium
374 2511 501 2590 dicitur,
530 2512 731 2596 Viringenii
751 2514 857 2596 magni
877 2515 977 2598 magis
997 2537 1088 2599 quom
1109 2515 1191 2581 boni.

90 2603 170 2669 Non
183 2612 292 2690 potest
301 2597 380 2664 illud
393 2599 548 2686 separari:
565 2611 621 2664 aut
631 2611 663 2662 et
673 2597 793 2662 bonum
805 2598 876 2676 erit,
889 2612 944 2664 sut
953 2623 1012 2666 nec
1028 2607 1191 2692 inagnum.

339 2687 424 2750 Idem
438 2687 493 2751 lib.
509 2687 548 2750 de
566 2685 820 2770 Tranquillitate,
835 2707 904 2770 cop.
920 2697 952 2753 9.

108 2863 115 2877 Ι
133 2772 386 2875 Quadringenta
396 2771 496 2873 millia
502 2770 657 2838 librorum
669 2770 873 2873 Alexandriae
881 2787 1036 2856 arserunt,
1044 2775 1193 2879 puleber-

89 2859 786 3031 tttttttttlttttttttttt
812 2858 1195 3036 Atttppgegpptp

91 3035 200 3100 fuisse.
236 3033 311 3098 Non
327 3031 387 3098 ibit
401 3031 560 3184 elegap‘pia
573 3029 653 3134 illud
663 3041 723 3182 :lup
734 3052 847 3110 curas
898 3033 1039 3100 studiosa
1046 3034 1184 3102 luxurio.

92 3297 100 3310 ι
133 3205 493 3359 Ἢειζφὲειηὴξὼίωέρ
508 3125 819 3304 plullsiesppsrtoepobble.
850 3205 1194 3358 Diotgioeronenrssu-

17 3403 18 3466 2
88 3315 266 3447 lindi?
320 3302 1195 3471 ttttttt't‘ltttttttt‘tzttttrtt
1271 3461 1274 3472 ,

92 3469 184 3533 ximo
200 3466 307 3531 minus
322 3477 380 3531 est.
412 3465 478 3530 Die
493 3463 640 3565 Asipiurn
657 3461 845 3564 Pollionem.
876 3465 1008 3548 Cedant,
1023 3469 1080 3535 sed
1095 3482 1130 3536 ut
1142 3493 1194 3572 re·

93 3549 1195 3738 :utt‘nlsr‘stttutsrtrgtl‘gsrtr‘su
1272 3731 1275 3738 .

94 3725 310 3814 philosophiae
325 3745 536 3790 annumerare
607 3723 658 3800 sis,
671 3722 935 3810 quamhrstoriae3
950 3740 981 3792 at
996 3751 1037 3794 ox
1055 3728 1194 3814 professo

94 3812 329 3901 philosophiam
339 3812 539 3876 continentes
560 3809 655 3874 ibros.
667 3808 1094 3897 huicquoquedabolocum.
1111 3815 1195 3882 Vide

96 3917 202 3968 tamen
217 3921 315 3987 quam
331 3898 447 4000 multos
461 3895 639 3976 antecedat,
655 3894 710 3983 qui
732 3897 866 3962 utribus
880 3899 1029 3981 vincitur,
1041 3915 1078 3969 et
1091 3902 1194 3994 tribus

96 3986 373 4076 eloquentissimis.

334 4071 421 4136 Idem
434 4070 490 4136 lib.
512 4069 547 4137 V.
563 4071 680 4135 Ναίν.
695 4080 800 4154 quast.
816 4093 885 4155 cap.
903 4080 955 4140 18.

138 4162 234 4228 Nouo
244 4155 337 4262 quod
348 4156 389 4222 de
400 4156 525 4222 Coesare
539 4156 616 4221 olim
631 4156 751 4242 majore
762 4155 859 4240 vulgo
869 4157 1048 4225 dictitatum
1062 4174 1117 4239 est,
1130 4175 1162 4228 et
1175 4187 1196 4228 a
1213 4221 1215 4227 s

98 4249 170 4316 Tiro
184 4250 285 4316 Lino
308 4243 459 4331 positum,
474 4244 517 4309 In
538 4245 862 4322 irremuneratam
885 4247 971 4317 illam
991 4250 1090 4335 magis
1111 4251 1197 4314 nosci

93 4339 273 4426 reipublicae
289 4330 461 4423 proficerit,
475 4352 520 4396 arr
533 4351 595 4396 non
609 4331 705 4418 nasci,
719 4328 782 4397 dici
796 4329 893 4399 etiarn
909 4333 950 4398 de
964 4333 1066 4399 ventis
1080 4348 1195 4420 potest
