3116 4986
438 241 642 302 menon.
677 193 899 303 nasoon.
1131 247 1190 312 iso

134 407 202 470 lata
217 415 270 482 cst,
282 415 316 469 ut
329 407 413 470 ratio
425 405 558 471 absentis
569 405 702 470 Casaris
716 407 749 469 in
757 405 910 487 petitione
919 405 1089 469 consulamus
1098 397 1190 470 babe-

134 501 232 572 retur,
244 492 342 556 inuito
352 502 382 555 et
395 495 620 556 contradicente
631 491 681 556 M.
696 491 821 556 Catone.
853 492 1014 554 Praeterea
1027 513 1076 554 res
1087 501 1192 576 gestas

132 599 155 641 a
173 578 206 643 C.
224 579 345 642 Casare
357 579 500 642 aduersus
512 577 632 654 Gallos,
644 579 698 661 qui
705 599 806 658 prope
815 577 959 653 universi,
978 577 1189 664 Vercingento-

132 664 202 748 rige
216 667 354 732 Arnenso
368 666 450 741 duce,
465 665 646 748 defecerunt,
662 672 692 726 et
711 663 877 727 laboriosas
891 662 1058 726 obsidiones
1071 663 1188 728 urbium

131 751 285 814 continet.-
308 754 389 814 inter
408 771 484 834 queas
504 749 633 815 Auarici
653 749 841 834 Biturigum,
856 757 886 811 et
902 749 1062 836 Gergopiae
1077 752 1188 822 Aruer-
1256 817 1258 822 ,

133 855 248 900 norum.

582 1084 738 1218 cvm.

177 1333 211 1395 C.
229 1331 334 1394 Oasar
346 1329 455 1392 Gallos
468 1329 511 1392 ad
524 1328 660 1393 Alesion
682 1330 764 1406 uicit,
781 1349 936 1413 anumque
953 1329 1064 1393 Gallia
1077 1333 1186 1397 eivita-

130 1429 185 1495 tes,
200 1436 271 1501 qua
281 1418 317 1479 in
330 1417 423 1479 armis
423 1415 568 1498 ficerunt,
586 1417 619 1478 in
633 1417 815 1478 deditionem
829 1416 956 1498 occepit.
1002 1415 1035 1480 C.
1053 1418 1185 1495 Cassius,

129 1513 261 1590 quacior
276 1501 325 1564 Μ.
344 1501 455 1578 Crassi,
480 1502 624 1578 Partbos,
647 1503 701 1584 qui
726 1503 759 1564 in
780 1501 901 1585 Spica
925 1505 1184 1583 transcenderant,

130 1591 248 1654 cecidit.
274 1589 313 1652 ln
321 1589 653 1668 petitioncconsulatus
666 1586 716 1651 M.
729 1588 807 1652 Cato
820 1589 969 1668 repulsam
984 1590 1065 1664 tulit,
1076 1593 1187 1656 creatis

130 1674 299 1740 conalibus
320 1675 385 1738 Ser.
402 1675 547 1756 Scdpicio,
565 1675 614 1736 M.
629 1674 790 1737 Marcellos
836 1674 869 1737 C.
884 1675 990 1737 Cesar
1009 1676 1186 1741 Bellouacos

128 1784 196 1826 mens
217 1761 291 1824 aliis
307 1758 467 1824 Gallorum
484 1761 609 1842 populis
633 1761 757 1824 domuit.
798 1761 958 1822 Praterea
979 1757 1187 1826 conlocutiones

130 1851 213 1912 inter
239 1848 373 1910 mundes
396 1848 435 1909 de
456 1867 618 1910 nacessore
641 1845 674 1910 C.
696 1846 813 1910 Casuri
837 1847 991 1923 mittendo,
1017 1859 1127 1932 agenn
1151 1851 1186 1913 in

127 1944 236 2000 senatu
250 1933 301 1996 M.
313 1932 465 1996 Marcello
475 1934 603 2007 consule,
613 1941 648 1996 ut
659 1933 762 1996 Caesar
771 1934 1002 2014 adpetitionem
1016 1937 1186 2000 consociatus

128 2021 256 2096 veniret,
271 2039 358 2102 quum
374 2021 402 2082 is
415 2021 480 2102 lege
490 2021 557 2082 lota
570 2018 634 2082 ⁸²in
650 2019 685 2082 id
697 2029 811 2101 tempus
823 2021 993 2084 consutam
1004 2023 1186 2102 prouincias

128 2107 265 2171 obtinere
277 2105 406 2182 deberet,
417 2127 522 2190 resque
535 2127 555 2168 o
572 2105 619 2168 M.
631 2103 743 2170 Bibulo
757 2107 791 2168 in
805 2105 898 2190 Syria
912 2115 1015 2189 gestos
1027 2108 1170 2173 continet.

613 2525 726 2608 elx.

174 2733 296 2798 Caussa
309 2732 443 2796 ciuilium
457 2753 606 2796 umorum
621 2743 651 2796 et
665 2735 759 2797 initia
769 2734 957 2816 referuntur,
966 2735 1185 2801 contentiones-

129 2842 187 2906 que
211 2821 250 2882 de
273 2839 435 2883 successore
463 2819 495 2882 (l
513 2819 632 2883 Caesari
656 2821 810 2898 mittendo,
838 2841 925 2904 quum
950 2843 981 2884 se
995 2822 1186 2886 dimissurum

130 2907 278 2972 exercitus
292 2915 425 2988 negaret,
442 2902 532 2969 8³nisi
545 2928 566 2968 a
584 2905 729 2990 Pompeia
740 2908 976 2972 dimitterentur.
1018 2909 1064 2972 Et
1077 2909 1111 2972 C.
1124 2909 1185 2973 Cu·

130 2993 229 3056 rionis
252 2991 370 3054 tribuni
387 2991 488 3073 plebis
502 2989 662 3073 ⁸⁴primum
685 2995 828 3058 adrasus
851 2994 1009 3071 Casorem,
1034 2996 1106 3058 dein
1122 3015 1186 3076 pro

133 3079 251 3144 Caesase
279 3079 411 3141 actiones
445 3079 589 3140 continet.
635 3077 734 3154 Qum
761 3081 1044 3143 senatusconsultum
1060 3079 1186 3164 factum

127 3174 212 3240 esset,
228 3174 262 3227 ut
274 3185 421 3228 successor
437 3164 556 3227 Caesari
568 3165 748 3241 mitteretur,
765 3163 814 3227 M.
826 3165 964 3228 Antonio
978 3174 1008 3228 et
1027 3165 1066 3240 Q.
1082 3165 1186 3229 Cossio

127 3251 259 3314 tribunis
275 3250 385 3332 plebis,
405 3251 545 3334 quoniam
568 3250 828 3322 intercessionibus
850 3253 885 3314 id
903 3253 1186 3316 senatusconsultum

125 3336 332 3418 impediebant,
347 3335 420 3399 urbe
432 3336 543 3418 pulsis,
557 3338 731 3400 mandatum
752 3344 796 3400 est
816 3358 837 3398 a
854 3346 965 3400 senatu
978 3337 1142 3401 consulibus
1156 3345 1187 3400 et

131 3424 188 3488 Cn.
205 3423 362 3504 Pompeio,
377 3432 411 3486 u
424 3423 570 3498 uiderent,
586 3443 624 3484 ne
638 3423 718 3507 quid
724 3422 894 3505 respublica
909 3424 1084 3487 detrimenti
1096 3444 1187 3505 capc-

127 3519 185 3572 ret.
232 3507 265 3572 C.
284 3510 398 3585 Caesar,
413 3508 490 3571 bello
512 3509 649 3573 inimicos
668 3518 891 3591 persecuturus,
911 3531 975 3572 cum
997 3508 1129 3572 ecercitu
1152 3509 1186 3572 in

130 3594 258 3658 Italiam
286 3597 384 3659 venit:
416 3595 579 3676 Corfinium
604 3617 667 3658 cum
696 3593 734 3658 L.
750 3597 892 3659 Domitio
913 3605 943 3658 et
965 3593 1039 3660 ⁸⁵L.
1054 3595 1188 3660 Lentulo

126 3683 221 3763 oepit,
237 3702 342 3764 eosque
356 3682 482 3745 dimisit.
530 3681 583 3744 Cn.
602 3683 775 3764 Pompeium
789 3690 957 3766 ceterosque
972 3682 1112 3766 partium
1127 3679 1190 3764 ejus

130 3767 232 3832 Italia
246 3769 372 3850 eapulit.

163 4025 196 4076 ⁸2
212 4025 244 4072 In
254 4025 280 4070 s'd
290 4029 379 4086 ternpus
394 4021 535 4086 consolatus]
559 4024 646 4072 Marito
679 4025 734 4086 Ipse
744 4024 881 4076 inveniebat
893 4024 919 4071 in
930 4025 1011 4071 libriss
1028 4025 1141 4072 Primum
1150 4025 1191 4072 ab

130 4090 197 4138 deles
207 4087 269 4138 «tea
278 4089 422 4138 Gronovius.
678 4103 770 4140 vermos
792 4089 906 4137 aalma
931 4089 970 4136 de
981 4090 1065 4150 populo
1086 4084 1193 4138 stom

163 4154 201 4202 88
210 4153 428 4216 NiciaPompoia]
452 4151 542 4200 Melius
548 4168 557 4199 s
570 4153 647 4200 nicici
680 4153 882 4202 Coesoreactioncs.

132 4217 281 4280 aPcmpeto.
303 4221 468 4268 Gaonovsus·
712 4218 744 4266 85
761 4217 914 4281 Rhadalo]
939 4217 1005 4265 Molo
1021 4218 1129 4280 vulgata
1144 4220 1194 4268 edi-

164 4281 199 4330 Sb
213 4283 325 4332 Primum
340 4284 448 4330 adrem
459 4285 584 4337 Casurum,
595 4280 647 4331 dein
681 4285 758 4332 nones
769 4283 798 4330 1..
808 4281 912 4329 mutua.
936 4283 1039 4330 henim
1048 4289 1087 4330 cst
1096 4284 1195 4332 mle»

125 4358 174 4405 pro
189 4345 281 4394 Curare
296 4349 413 4411 actiones}
428 4348 500 4396 Hunc
520 4347 649 4396 lectionem
681 4349 748 4396 nilus
763 4348 885 4408 Spinther,
896 4348 940 4407 qui
955 4348 1039 4394 csnwl
1056 4347 1195 4396 cuorum

129 4409 244 4470 Sigonius
255 4411 558 4462 concinnavitsdhistorioe
569 4411 648 4458 fidem.
681 4412 817 4474 inpiatum
824 4411 969 4460 amimam
983 4411 1120 4463 Viuintra
1128 4412 1196 4460 abb.

733 4499 748 4539 s
763 4485 784 4541 ‘2
