3056 4976
275 201 283 210 ,
323 165 366 220 aa
489 227 493 236 ,
711 163 991 225 r1r1s1v11

163 331 300 382 vacare·
316 325 463 413 ’ritesque
487 347 623 416 anguem
651 327 685 392 in
713 328 832 413 oppido
861 349 918 392 sno
941 326 1103 414 jubatum,
1123 329 1226 394 aureis
1250 332 1387 402 maculis

164 397 194 444 Α·
206 398 232 443 ⁰·
248 403 301 448 ¹⁷⁴·
325 407 479 497 sparsum,
494 409 676 498 adparuisse
697 412 918 480 adfirmabant.
939 426 982 492 et,
996 414 1030 477 in
1051 437 1130 501 agro
1145 415 1311 502 Campano
1326 419 1387 483 bo·

325 519 394 568 vem
410 499 550 564 locutum
565 521 643 576 esse,
658 499 731 565 satis
747 499 919 566 constabat.

367 581 495 650 XXII..
507 585 618 672 Legati
641 586 666 626 ⁹⁸
677 586 778 650 Nonis
791 586 920 651 Juniis*
934 607 974 650 ex
993 585 1102 650 Africa
1127 585 1300 667 redierunt,
1316 590 1385 676 qui,

257 715 265 734 ,
325 683 481 738 convento
503 672 590 756 ptius
613 670 782 738 Masinissa
802 695 836 737 re
859 694 886 749 c,
907 671 1136 760 Karthaginem
1158 672 1277 740 ierant:
1300 689 1386 742 oete-

326 774 396 821 rum
412 756 529 822 certius
542 757 713 844 aliquanto,
726 757 800 848 qu‘s'e
850 757 1014 844 arthagine
1029 769 1099 822 acta
1120 773 1233 840 esseut,
1248 763 1287 824 ab
1310 783 1387 850 rege

318 843 506 920 rescierant,
533 863 627 928 quam
654 844 698 909 ab
726 846 801 930 ipsis
828 843 1155 932 Karthaginiensibus.
1185 862 1395 932 compertum·

326 943 429 993 tamen
445 929 700 1010 adfirmaverunt,
715 930 835 1014 legatos
855 931 897 994 ab
919 953 953 994 re
1009 930 1124 996 Perseo
1138 932 1268 1011 veniam,
1283 934 1321 998 iis
1347 956 1388 1000 ue

328 1027 423 1080 noctu
445 1015 586 1081 senatum
608 1017 642 1080 in
656 1017 733 1081 ¹acle
757 1016 934 1101 AEsculapii
974 1025 1061 1081 atam
1082 1039 1158 1082 esse.
1181 1017 1221 1083 ab
1245 1017 1326 1084 Ksrt

324 1101 533 1190 ginelagatos
553 1103 587 1168 in
604 1103 824 1180 Macedoniam
842 1103 961 1180 missos,
977 1115 1009 1166 et
1030 1125 1089 1166 rex
1106 1103 1391 1182 mansuetasse

326 1188 384 1271 ipsi
399 1207 512 1274 parum
528 1202 707 1253 constanter
718 1191 919 1277 negaverant.
964 1187 1003 1268 Iu
1020 1187 1243 1254 Macedoniam
1281 1213 1391 1278 noque

216 1293 218 1304 ·
325 1273 495 1339 mittendos
520 1273 640 1360 legatos
661 1287 787 1339 serratus
809 1275 939 1340 consuit.
961 1286 1024 1339 tres
1046 1277 1131 1339 missi
1156 1287 1238 1354 aaut,
1255 1213 1294 1342 d.
1311 1277 1389 1342 Lm-

325 1359 394 1439 lius,
418 1359 468 1424 M.
485 1356 628 1426 Valerius
651 1359 810 1439 Messalla,
830 1362 908 1428 Sext
922 1359 1073 1447 Digitius.
1118 1361 1258 1427 Perseus«
1272 1385 1330 1447 per
1351 1363 1387 1428 id

325 1459 459 1530 tempus,
475 1448 550 1532 quia
564 1447 691 1531 quidam
707 1443 872 1532 Dolopum
883 1443 952 1511 'non
975 1447 1138 1531 parebant,
1152 1448 1252 1525 et,·dc
1270 1449 1386 1535 quibus

325 1531 545 1618 ambigebatur
555 1533 658 1610 rebus,
668 1531 923 1618 disceptationem
933 1532 975 1598 ab
986 1533 1284 1618 regestomanos
1294 1557 1387 1600 revo-

325 1616 450 1696 cabant,
466 1637 538 1683 cum
554 1620 693 1684 exercitu
713 1619 881 1704 profectus,
898 1619 957 1683 sub
977 1619 1030 1704 jus
1050 1619 1270 1706 judiciumque
1293 1621 1387 1686 snum

166 1701 299 1752 remittes
325 1714 423 1768 totam
439 1705 542 1792 coie'git
562 1718 698 1794 gentem.
745 1703 833 1782 inde,
849 1703 1061 1790 per'OEtaeos
1071 1717 1191 1769 montes
1211 1716 1389 1796 transgres-

164 1767 277 1830 ΜΡΝ
325 1811 387 1867 sus,
407 1790 611 1878 religionibus
633 1791 820 1878 quibusdam
846 1791 953 1856 animo
976 1790 1119 1876 objectis,
1133 1792 1296 1857 oraculum
1318 1794 1388 1859 adi-

325 1887 415 1962 turus
430 1876 575 1962 Delphos
596 1877 769 1944 adscendit.
807 1879 920 1948 ¹Quum
940 1877 975 1940 in
990 1877 1095 1941 media
1115 1891 1243 1961 repente
1258 1881 1388 1946 Graecia

324 1961 529 2047 adparuisset‚
546 1983 696 2051 magnum
720 1985 784 2028 non
804 1963 947 2028 finitimis
967 1963 1064 2027 modo
1086 1963 1217 2030 urbibus
1225 1978 1387 2032 terrorem

325 2045 474 2130 praebuit,
489 2049 544 2113 sed
563 2050 596 2112 in
611 2050 718 2114 Asiam
733 2071 859 2136 quoque
873 2051 912 2112 ad
936 2071 1041 2135 regem
1060 2049 1236 2114 Eumenem
1252 2054 1388 2118 nuncius

300 2143 305 2148 '
325 2131 477 2199 turnultus
492 2132 557 2220 ejus
572 2135 668 2200 venit.
713 2135 883 2216 Triduum,
898 2155 962 2198 nou
981 2135 1060 2218 plus,
1076 2135 1211 2220 Delphis
1232 2152 1386 2220 moratus,

324 2241 382 2302 per
410 2217 663 2286 ⁹⁹Phthiotidem
689 2221 855 2298 Achaiam,
880 2220 1150 2308 Thessaliamque,
1164 2223 1240 2288 sine
1265 2224 1386 2289 damno

320 2305 498 2394 iujurisque
524 2329 684 2398 morum,
703 2329 760 2394 per
786 2329 865 2394 quos
887 2309 948 2372 iter
968 2305 1051 2384 iecit,
1068 2307 1101 2370 in
1122 2329 1257 2393 regnum
1278 2309 1386 2392 rediit.

323 2392 393 2458 Nec
417 2417 525 2459 earum
552 2405 675 2460 tantum'
700 2394 883 2471 civitatium,
906 2413 965 2477 per
981 2415 1063 2480 quas
1087 2393 1196 2458 iturus.
1212 2407 1290 2472 erat,
1311 2398 1387 2462 satis

322 2477 435 2544 habuit
449 2482 569 2544 animos
584 2481 642 2544 sibi
657 2480 842 2547 conciliaret
864 2479 948 2543 ‘aut'
962 2479 1091 2566 legatos,
1100 2491 1156 2543 aut
1169 2481 1275 2546 literas
1290 2483 1387 2546 dimi-

324 2565 375 2645 sit,
389 2579 509 2650 petens,
526 2587 564 2641 na
578 2568 694 2630 diutius
707 2568 897 2641 simultatum,
913 2585 981 2650 qnae
994 2587 1058 2630 cnm
1069 2575 1166 2649 patre
1176 2568 1385 2652 stmfitissenn

214 2727 218 2732 ᾖ
324 2654 535 2718 meminissent.
558 2673 612 2715 nec
625 2655 780 2716 enimtam
798 2653 1026 2734 atrocessnisse
1039 2673 1100 2729 eas,
1117 2663 1149 2716 ut
1164 2671 1225 2716 non
1238 2675 1303 2718 mm
1317 2657 1387 2738 apso

256 2785 259 2794 .
318 2741 489 2818 potuerint,
515 2759 552 2800 no
581 2737 748 2812 debuerint,
764 2739 875 2820 finiri.
918 2739 1021 2804 Semne
1051 2739 1173 2822 quidem·
1195 2743 1298 2804 onnia
1323 2743 1388 2808 itta

284 2828 286 2836 '
325 2823 448 2906 integra
459 2825 573 2888 esseod
583 2823 1129 2906 instituendnmfidelt'teramicitiam.
1154 2822 1236 2888 Cum
1249 2825 1387 2893 Achaeo-

324 2929 395 2972 rum
409 2909 548 2975 maxime
561 2921 654 2995 genta
669 2905 909 2988 reconcilianda
923 2910 1035 2996 gratita
1049 2909 1131 2973 viam
1145 2911 1328 2996 quaerebat„
1377 2965 1380 2972 .

161 2997 303 3073 aqu-om
368 2993 507 3059 XXlll.
532 2994 617 3058 Haec
642 3015 704 3058 una
728 3015 770 3058 ex
792 2995 878 3058 omni
903 2997 1028 3060 Graecia
1074 3018 1139 3076 ens,
1154 3009 1186 3060 et
1201 2998 1386 3064 Athenien·

161 3064 312 3180 ssffiffi
324 3078 403 3145 siunt
427 3080 546 3158 civitas,
567 3101 605 3145 eo
629 3095 821 3164 processerat
841 3082 971 3158 irarum,
988 3094 1030 3149 ut.
1045 3019 1160 3147 duibus
1182 3083 1387 3151 interdiceret

162 3201 247 3246 ,mm
325 3164 565 3230 Macedonibus.
610 3166 722 3253 Itaque
746 3167 878 3231 servitiis
902 3189 943 3231 ex
965 3167 1089 3232 Achaia
1116 3167 1310 3256 fugientibus
1334 3193 1385 3237 re·

109 3245 113 3262 ⁴
323 3249 521 3336 tentaculum
539 3252 731 3318 Macedonia
744 3265 829 3318 erat:
852 3255 1050 3340 quinquum
1073 3255 1189 3319 finibus
1203 3255 1271 3320 suis
1286 3257 1385 3322 intar-

321 3337 487 3416 dixisscnt,
513 3340 633 3402 intrare
658 3340 747 3428 regni
773 3341 923 3404 terminos
948 3339 1009 3424 ipsi
1038 3361 1103 3404 non
1114 3341 1298 3406 audebant.
1345 3346 1386 3410 Id

322 3446 425 3510 quum
439 3425 570 3510 Perseus
591 3425 1116 3510 animadvertisset,comprehensis
1138 3429 1296 3508 omnibus,
1312 3430 1385 3498 lite·

277 3567 279 3572 .
321 3533 372 3574 ras
395 3513 471 3576 aas·
493 3525 645 3591 ceterum,
666 3534 710 3584 ,ue
734 3512 843 3576 similis
867 3511 948 3600 suga.
964 3533 1127 3579 servorum
1151 3527 1261 3600 postea
1280 3515 1384 3596 fieret,

321 3597 524 3683 cogitandum
548 3609 580 3662 et
605 3597 667 3661 illis
682 3602 761 3662 csse.
809 3597 960 3674 Recitatis
986 3598 1034 3662 his
1055 3599 1153 3664 literis
1178 3623 1235 3684 per
1257 3602 1384 3668 Xenar-

321 3683 416 3748 chum
440 3696 620 3768 praetorem,
643 3684 699 3770 qui
724 3684 856 3768 privatae
878 3684 992 3772 gratias
1016 3684 1137 3750 aditum
1162 3689 1247 3771 apud
1273 3705 1384 3778 regem

580 3853 680 3904 &danti
690 3857 767 3904 Gran.
778 3857 847 3904 Cres.
923 3853 930 3890 ¹
941 3856 984 3904 red
992 3863 1035 3906 aa!
1046 3859 1121 3904 Gmu.

352 4013 384 4056 as
401 4007 480 4054 Noae
489 4003 575 4069 deest]
592 4007 630 4054 stc
646 4010 751 4067 raanan
767 4008 834 4070 sigo-
900 4015 912 4054 ι
929 4010 982 4056 Aut
997 4012 1096 4072 tegna.
1106 4016 1150 4056 aar
1161 4006 1268 4073 hetnae]
1281 4012 1386 4072 Adjeoe-

319 4071 384 4129 aiut,
397 4084 470 4132 quum
481 4073 546 4134 priua
557 4075 673 4134 legeretur
683 4073 757 4120 latit.
775 4073 834 4120 ’Νἰ-
865 4079 903 4122 rat
914 4073 1026 4132 Sigonius
1034 4077 1063 4124 dc
1074 4087 1117 4126 sut>
1128 4076 1171 4127 ted
1179 4081 1235 4126 eote
1245 4075 1313 4136 priua
1322 4079 1384 4125 illud

222 4135 226 4144 '
318 4137 475 4184 mirumdolii
488 4138 832 4186 monsicnomtnuoudnmiu
865 4146 916 4186 aut.
949 4140 1067 4188 Videatur
1086 4141 1193 4202 pluscula
1214 4142 1301 4190 decue.
1334 4145 1385 4192 Dt-

319 4206 433 4248 utnerat.
817 4244 821 4251 .
866 4205 1150 4254 contrastantium:
1166 4207 1210 4254 eorl
1223 4209 1289 4255 circa
1304 4223 1384 4258 emm

292 4292 304 4320 a
345 4273 383 4330 pt
400 4267 563 4376 Phthiotide?
573 4265 702 4330 Achaiam]
716 4269 770 4318 Vid.
783 4274 833 4317 not.
867 4271 1269 4333 &aciaeanitntcuaatkgatm-
1282 4304 1310 4322 ..

320 4335 358 4377 63.
371 4332 400 4377 ud
415 4332 592 4378 txxx11.c.
605 4338 644 4378 82.
