3120 4984
350 199 410 262 106
741 199 854 260 ΤΙΤΙ
882 198 1028 262 LIVII

186 383 217 432 u:
228 383 257 433 c.
267 381 323 431 aaa
344 363 401 431 dle
413 375 487 450 post
496 362 691 434 Terminalia
704 361 862 430 Kaleudae
872 361 1074 432 intercalares
1087 361 1187 432 suere.
1226 361 1416 434 sacerdota·

182 450 214 496 A·
226 452 255 498 ⁰·
268 448 324 498 ¹⁶⁹·
346 451 432 518 intra
444 467 518 518 eum
533 471 653 517 anuum
668 451 797 526 mortui,
812 451 838 490 ⁵¹
845 451 883 516 L.
898 449 1096 518 Flamininus
1112 453 1152 490 ⁴⁸*
1168 450 1333 534 pontifices
1347 451 1415 518 duo

345 539 556 615 decesserunt,
573 537 614 602 L.
632 537 746 602 Furius
763 537 875 602 Philus
888 551 920 605 et
937 537 975 606 C.
991 536 1103 602 Livius
1116 537 1290 604 Salinator.
1312 537 1346 602 in
1366 539 1417 604 lo-

344 647 418 690 curn
443 625 531 690 Furii
547 623 589 688 T.
608 623 769 711 Manlium
786 624 997 711 Torquatum,
1019 623 1054 688 in
1070 621 1154 690 Livii
1170 623 1222 692 M.
1239 624 1418 692 Servilium

344 711 509 798 pontifices
524 711 679 798 legerunt.

182 806 315 860 onasus
387 797 468 864 XII.
492 797 656 882 Principio
679 796 871 882 insequentis
896 797 1089 896 anui-quum
1112 796 1256 864 consules
1277 797 1352 862 aovi
1367 797 1416 875 Q.

63 973 65 978 Ι
181 871 336 982 ξξὴξῐὲοξῗ·
345 883 489 950 Marcius
511 897 543 950 et
565 883 626 948 Cn.
654 883 804 949 Servilius
829 883 869 946 de
893 883 1066 967 provinciis
1094 883 1285 965 retulissent,
1309 884 1418 970 primo

181 999 318 1062 ureretur.
343 993 471 1058 quoque
484 983 628 1056 tempore
641 983 696 1034 aut
717 991 902 1054 comparare
922 991 976 1034 eos
997 970 1081 1036 inter
1102 991 1135 1034 se
1149 969 1273 1036 ltaliam
1289 985 1320 1036 et
1336 970 1416 1036 Ma-

342 1058 522 1138 cedoniam,
535 1070 591 1122 aut
613 1056 720 1122 sortiri
741 1056 878 1140 placuit:
903 1056 1090 1144 priusquam
1112 1057 1145 1122 id
1168 1077 1236 1123 sors
1257 1070 1416 1136 cerneret,

341 1143 376 1210 in
398 1145 565 1221 incertum,
581 1143 713 1228 nequid
736 1143 840 1230 gratia
862 1145 1016 1208 momenti
1037 1143 1167 1222 faceret,
1188 1145 1223 1208 in
1244 1155 1416 1230 utramque

364 1231 550 1307 savineium,
565 1230 650 1316 quod
667 1253 716 1296 res
733 1229 928 1294 desideraret
950 1229 1172 1315 supplementi,
1189 1230 1327 1298 decerni.
1370 1231 1415 1296 In

340 1253 567 1386 limedoniam
583 1316 725 1402 peditum
743 1316 964 1382 Romanorum
986 1338 1040 1382 sex
1056 1316 1165 1391 millia,
1179 1315 1338 1382 sociorum
1352 1339 1414 1384 uo·

340 1405 436 1470 minis
459 1402 568 1470 Latini
590 1425 646 1468 sex
673 1402 788 1469 millia:
812 1402 932 1490 equites
953 1402 1120 1470 Romanos
1140 1403 1295 1472 ducentos
1317 1403 1414 1490 quin·

340 1493 505 1578 quaginta,
529 1491 630 1554 socios
655 1502 824 1556 trecentos.
868 1488 999 1554 Veteres
1021 1489 1136 1555 milites
1158 1488 1289 1568 dimitti,
1306 1490 1353 1556 ita
1373 1503 1412 1558 ut

338 1577 373 1642 in
389 1577 529 1664 singulas
546 1577 709 1642 Romanas
729 1575 869 1664 legiones
882 1597 924 1640 ne
944 1575 1018 1661 plus
1041 1597 1117 1642 sena
1138 1575 1238 1642 millia
1253 1577 1410 1660 peditum,

337 1665 478 1735 trecenik
492 1664 612 1750 equites
627 1674 739 1728 esseut.
783 1662 889 1730 Alteri
910 1663 1033 1730 consuli
1054 1663 1161 1731 nullus
1182 1673 1286 1730 certus
1301 1663 1413 1730 finitus

337 1772 488 1818 uumerus
503 1751 619 1816 cisium
637 1749 867 1827 Romamrum,
884 1771 977 1835 quem
1000 1749 1034 1814 in
1054 1749 1310 1836 supplementum
1325 1749 1412 1837 lege·

336 1849 395 1903 ret.
418 1838 452 1902 id
466 1839 562 1904 modo
576 1836 713 1914 finitum,
729 1849 766 1902 ut
779 1835 860 1902 duas
882 1835 1022 1923 legiones
1042 1836 1204 1914 scriberet,
1221 1859 1295 1923 quoe
1333 1837 1411 1906 uina

338 1923 437 1990 millia
451 1925 596 2010 peditum
611 1938 643 1990 et
657 1923 797 1990 ducenos
812 1923 975 1999 habereut,
990 1924 1112 2010 equites
1126 1936 1281 1992 mecenas.
1309 1923 1322 1964 ⁶
1343 1924 1410 1990 La·

336 2011 495 2076 tinorum¹
509 2013 620 2097 major,
636 2031 731 2097 quara
755 2009 895 2098 collegae,
911 2008 1057 2078 decretus
1071 2032 1239 2080 uumerusr
1261 2009 1407 2160 qeditum

328 2099 446 2164 'decern
466 2097 565 2163 millis
586 2109 618 2163 et
632 2097 774 2162 sexcenti
788 2099 920 2182 equites.
944 2109 1083 2182 quatuor
1097 2107 1252 2180 praeterea
1277 2121 1295 2162 e
1318 2100 1408 2164 iones

334 2185 430 2252 scribi
440 2187 548 2272 jussae,
564 2207 647 2270 quea,
663 2184 690 2248 si
704 2205 769 2270 quo
783 2205 863 2268 opus
884 2195 976 2262 esset.
990 2183 1209 2252 educarentur.
1253 2121 1408 2250 eribu-

335 2293 394 2338 uos
416 2271 505 2351 hias,
530 2293 595 2338 non
621 2273 821 2357 permissum,
846 2284 883 2336 ut
905 2270 1061 2338 consules-
1075 2270 1232 2338 facereuts
1268 2271 1408 2356 populus

335 2360 463 2426 cressit.
507 2359 609 2426 Sociis
630 2358 765 2424 nominis
781 2356 892 2424 Latini
913 2357 1078 2426 sexdecim
1093 2356 1192 2424 millia
1206 2357 1360 2443 pediturn,
1376 2372 1409 2424 et

292 2467 301 2492 ·
333 2446 422 2512 mille
451 2447 571 2534 equites
609 2443 767 2530 imperati.
811 2443 914 2510 Huuo
941 2445 1117 2513 exercitum
1146 2445 1252 2528 parari
1280 2455 1408 2510 tantum

333 2533 464 2620 placuit,
486 2545 522 2598 ut
544 2531 699 2609 exiret‚'si
718 2553 784 2617 quo
799 2543 1020 2617 respnsorem.
1058 2529 1409 2599 Macedoniamaxime

447 2671 569 2720 &trecenti
580 2672 655 2720 Gran.
719 2667 728 2708 ¹
739 2671 854 2720 Peditum
867 2671 1008 2722 Latinorum
1020 2673 1081 2722 Ead.
1146 2675 1167 2706 ἢ
1178 2674 1211 2720 iis
1222 2673 1290 2721 Cres.

332 2789 406 2838 uada
421 2783 670 2848 Inserudareasmre]
695 2787 852 2853 Terminalia,
884 2792 1017 2838 tarealendi
1032 2803 1127 2858 morem
1144 2791 1225 2846 flebat,
1237 2790 1292 2836 ideo
1304 2793 1406 2836 notetur

333 2855 411 2904 festus
430 2854 481 2900 dies
500 2853 539 2900 dei
556 2847 677 2911 remini,
689 2853 719 2899 de
735 2867 784 2912 quo
801 2855 850 2901 vid.
883 2856 988 2902 aLivio.
1098 2849 1101 2858 ’

334 2923 385 2964 noa
404 2917 442 2966 12.
455 2919 486 2963 ad
502 2917 521 2966 l.
535 2920 556 2966 1.
572 2931 595 2967 e.
610 2915 649 2962 55.
667 2917 853 2965 celebrabantur
916 2913 1407 2982 51nrumtntnusaugurlaujectssi-

333 2982 438 3042 numo
449 2981 504 3030 Kal.
516 2983 627 3030 Martiis.
645 2979 760 3030 Kalauria
769 2983 849 3030 Inim-
881 2983 1406 3046 goniusuomensaeerdotii.quoproeditnm

333 3047 422 3094 solarer
433 3053 491 3094 sunt
502 3047 617 3094 Kalendae
633 3047 725 3093 mensis
743 3048 851 3096 interre-
882 3051 957 3096 fuisse
969 3049 1136 3096 Flamininum
1147 3048 1280 3096 existimat.
1304 3046 1405 3107 Nempe

330 3113 399 3170 laris,
409 3113 440 3158 de
450 3126 499 3172 quo
510 3113 606 3173 egimus
616 3113 670 3158 adl.
682 3113 703 3159 1.
711 3125 733 3159 c.
745 3111 784 3159 10.
805 3113 850 3159 Ce-
882 3115 901 3162 l.
911 3113 999 3163 XXV.
1011 3127 1033 3160 c.
1042 3115 1066 3161 2.
1082 3113 1112 3159 L.
1121 3112 1276 3160 Flamininus
1287 3112 1314 3157 fit
1322 3125 1403 3172 augur

333 3182 414 3224 terum
425 3177 465 3223 hic
481 3176 562 3236 eliqua
573 3182 611 3223 est
621 3177 758 3224 difficultas.
789 3177 849 3224 Ete-
883 3179 909 3225 in
931 3180 1013 3225 locum
1031 3181 1057 3224 Ρ.
1073 3177 1141 3225 Furii
1159 3177 1232 3224 Phili.
1267 3176 1314 3222 Sed
1333 3177 1403 3223 deest

332 3241 385 3286 nitn
402 3242 572 3288 intercalatum
586 3247 638 3288 esse
653 3255 749 3302 semper
763 3244 851 3302 pastri-
883 3244 958 3290 etiam
969 3255 1035 3288 nunc
1045 3243 1152 3290 hocloco
1160 3253 1250 3288 nomen
1260 3237 1313 3302 ejus
1321 3241 1366 3301 qui
1377 3241 1404 3290 in

331 3305 373 3352 tlle
382 3302 530 3352 Terminalia
544 3307 627 3368 colligi
638 3307 734 3353 videtur
747 3319 779 3352 ex
790 3307 852 3354 Var·
884 3307 1017 3354 Flaminini
1027 3308 1109 3354 locunt
1121 3309 1293 3354 senecensem
1386 3307 1389 3314 “

331 3377 399 3424 rusie,
415 3371 433 3417 l.
445 3369 475 3418 V.
491 3372 522 3418 de
533 3370 630 3432 Lingua
640 3371 731 3437 latet
746 3385 777 3418 ex
798 3373 853 3419 Ma·
917 3371 948 3419 52
955 3372 1097 3418 Latinorum
1112 3366 1200 3436 major]
1215 3369 1282 3416 Olim
1294 3367 1405 3430 peditum

331 3436 423 3492 ambio,
433 3437 452 3482 l.
464 3437 485 3486 1.
497 3437 547 3483 Sat.
561 3451 582 3482 e.
599 3437 646 3484 13.
660 3435 746 3496 Itaque
763 3437 851 3484 Putea·
884 3437 1035 3484 Latinorum.
1068 3437 1206 3484 Gronovius
1228 3435 1303 3482 deleri
1325 3430 1403 3496 jussit

331 3513 392 3547 neus
403 3502 538 3560 existimat,
547 3501 608 3546 libro
619 3503 650 3548 de
661 3501 782 3558 Bisaexto,
793 3516 817 3552 e.
825 3502 850 3550 2.
883 3515 968 3548 vocem
974 3501 1091 3562 peditam,
1101 3515 1156 3562 qua
1167 3501 1231 3546 male
1242 3501 1292 3547 huc
1303 3512 1334 3546 ex
1345 3501 1403 3546 sub-

330 3565 462 3626 legendum
477 3565 518 3612 hic
536 3577 589 3613 esse
600 3565 719 3626 poemia
727 3563 850 3630 mutina·
883 3572 999 3627 sequente
1009 3579 1081 3612 versu
1092 3565 1254 3626 immigraret.

329 3630 373 3680 liu.
406 3630 537 3678 Sed'sihic
551 3635 630 3676 stema
645 3637 672 3676 et
685 3630 791 3677 sobrinis
802 3631 851 3677 fuit
915 3627 1403 3693 odrrilmtcria1Mallemualts'a.Sen·

329 3697 383 3742 dies
405 3695 522 3742 Kalendis
541 3695 738 3749 intercalaribus.
758 3694 793 3740 ita
820 3701 849 3742 ut
882 3699 987 3742 tuaestr
1004 3695 1031 3740 in
1048 3696 1208 3756 hasquatuor
1225 3693 1334 3760 legiones
1351 3707 1402 3742 non

329 3760 399 3808 nulla
409 3773 519 3820 unquam
530 3773 559 3806 ea
573 3759 599 3805 in
610 3773 637 3806 re
647 3759 752 3806 varietas
764 3759 848 3818 fuerit,
880 3773 896 3806 a
906 3761 1048 3807 masalmas
1057 3760 1159 3815 tribuni,
1170 3759 1214 3806 wi
1224 3759 1338 3818 apopulo
1349 3759 1402 3806 dati

328 3825 389 3888 quid
400 3825 519 3872 attinebat
526 3823 654 3870 idaLirlo
665 3824 764 3870 notari?
781 3821 849 3871 Ded·
881 3830 947 3874 sunt.
976 3823 1073 3885 Nempe
1087 3825 1159 3871 initio
1169 3819 1228 3870 belli
1238 3823 1400 3880 Macedonici,

328 3889 414 3936 wellas
422 3885 847 3950 Dimert.X.decye11sRom.Sect.
880 3889 1181 3954 terticanteliuncantro,
1257 3889 1336 3935 issum
1347 3889 1403 3936 nte.

329 3952 748 4016 lli.etseq.suspicatur‚praeeunte
756 3954 850 4014 aliqua·
880 3960 918 4002 rat
937 3954 1077 4002 oonsulibus
1096 3949 1173 4014 pileto
1228 3965 1297 4014 sque,
1318 3959 1348 4000 ut
1370 3966 1401 4002 ec

327 4023 403 4066 tenua
413 4019 548 4077 Memmio,
558 4019 625 4064 diem
635 4021 715 4065 unuin
725 4019 848 4065 aPontifl·
880 4033 946 4066 anno
955 4019 1066 4066 tutanos
1073 4020 1183 4066 miiitum
1193 4019 1310 4067 iacerent.
1338 4017 1400 4066 Vid.

327 4083 396 4129 cibus
404 4095 454 4143 per
464 4086 531 4131 hunc
542 4095 635 4131 annum
646 4089 791 4144 exemptum
807 4085 848 4146 tir·
879 4084 897 4130 1.
910 4083 1026 4131 xmae.
1036 4080 1079 4132 31.
1098 4080 1264 4131 ldetduub'us
1275 4083 1347 4130 annis
1355 4081 1401 4144 qul

327 4148 385 4207 itae,
396 4149 439 4208 qui
447 4149 498 4194 dies
507 4161 572 4196 nunc
582 4149 702 4208 redditur,
710 4154 738 4194 ut
745 4149 847 4209 plenum
879 4143 956 4195 secuti
966 4154 1034 4208 sunt,
1041 4149 1139 4196 videtur
1146 4157 1200 4195 esse
1207 4154 1342 4204 serratum,
1351 4149 1401 4195 nisi

327 4212 360 4260 sit
368 4213 444 4259 annui
452 4215 516 4260 orbis
525 4213 646 4276 spatium,⁴
652 4217 678 4260 et
684 4213 847 4276 interponitur
878 4213 988 4274 quadiu
1006 4214 1073 4260 hisce
1084 4220 1189 4274 quatuor
1205 4211 1352 4272 legionibus,
1369 4213 1400 4260 de

327 4277 392 4324 iuter
406 4277 567 4337 Terminalia,
583 4283 609 4324 et
625 4277 747 4325 Kalendas
759 4279 847 4325 iuter·
878 4280 968 4339 quibus
977 4279 1052 4326 murlo
1062 4285 1146 4326 aetum
1156 4274 1255 4340 suajus
1271 4289 1345 4324 suurn
1356 4291 1400 4339 po-

325 4341 425 4388 culares.
457 4341 522 4396 Quia
538 4346 623 4389 autem
639 4343 665 4389 id
684 4355 735 4390 non
751 4354 847 4406 semper
877 4344 951 4404 putus
961 4355 1078 4406 usurpare
1089 4344 1177 4403 voluit,
1188 4347 1213 4391 st
1229 4343 1399 4391 tribunosmi·

326 4407 459 4464 reademt,
470 4407 522 4454 imo
533 4407 574 4454 hic
590 4412 679 4470 preter
695 4407 796 4456 salium
808 4407 847 4457 in·
877 4407 950 4458 litum
961 4409 1085 4472 sud'mgila
1094 4419 1183 4458 creare.
