3154 4984
316 137 393 228 aaa*
682 157 828 219 'rtur
858 155 995 220 u1v11

157 343 293 396 usurae
319 334 403 396 men.
447 325 586 395 'Flumen
598 319 672 391 'erat
692 321 952 416 haud'magn'um
967 319 1253 410 propius·hostium
1268 322 1391 404 cestris,

158 413 188 462 Α·
200 411 300 460 ‘2¹⁶⁸‘
316 440 360 483 ex
383 438 448 503 quo
467 424 499 479 et
522 411 717 478 Macedones
738 424 771 477 et
787 411 927 476 Romani
949 409 1393 500 aquabantur,·praesidiisex

316 517 453 590 utraque
474 500 545 586 ‘ripa
566 499 687 585 positis,
710 509 747 564 ut
767 497 802 562 id
826 495 931 562 lacere
953 510 1023 565 tuto
1044 513 1199 584 possent„
1227 498 1318 564 Duae.
1336 514 1393 562 co·

316 592 429 656 hortea
450 611 470 652 a
492 599 582 672 parte
599 586 825 651 'Romanorum
850 596 952 662 erant,
969 584 1160 652 Marrucina
1175 596 1213 652 et
1236 585 1393 674 Peligna3

319 679 394 744 duae
408 690 526 742 turmae
542 673 735 740 Samnitium
746 672 900 758 equitum,
916 671 1031 774 quibus
1045 685 1183 758 proeerat
1197 672 1249 739 Μ.
1262 670 1396 772 Sergius

317 763 451 831 Silus'le
474 773 561 828 atus:
585 772 619 826 et
642 759 730 824 aliud
753 781 815 844 pro
833 770 944 824 casnm
962 760 1109 828 stativum
1125 771 1193 825 erat
1207 757 1395 846 proesidrum

318 853 380 917 sub
396 851 434 915 C.
451 783 565 914 blavio
584 847 701 936 legato,
718 861 782 911 tres
797 844 956 926 cohortes,
972 841 1295 928 Firmana‚=Vestina,
1311 845 1393 910 Gre-
1497 905 1501 910 .

315 938 499 1011 ‘nronensis3
531 934 606 1000 duae
631 946 748 998 turmae
769 933 925 1019 equitum,
953 932 1137 1000 Placentina
1153 945 1186 1000 et
1208 933 1393 1000 AEsernina.

318 1026 433 1102 Quum
447 1023 549 1088 otium
572 1020 612 1085 ad
635 1019 755 1084 flumen
774 1031 865 1096 esset,
880 1020 1000 1085 neutris
1025 1019 1261 1099 lacessentibus,
1277 1018 1394 1087 ²'bora

284 1131 285 1146 ¹
318 1112 575 1197 circiterquarta
585 1107 777 1194 jumentum,
794 1129 813 1170 e
835 1107 980 1176 manibus
995 1106 1343 1192 curantiumelapsum,
1358 1109 1395 1172 in

318 1198 503 1264 ulteriorem
529 1195 640 1279 ripam·
659 1193 780 1281 effugit.
812 1192 899 1279 quod
926 1215 1025 1280 quum
1055 1217 1114 1280 per
1141 1207 1267 1282 aquam,
1293 1193 1394 1260 ferme

319 1308 405 1389 genu
428 1297 520 1349 tenus
545 1282 656 1356 altam,
672 1293 735 1344 tres
758 1280 873 1344 milites
888 1285 1104 1366 sequerentur,
1121 1281 1263 1347 Thraces
1278 1281 1343 1345 duo
1358 1281 1393 1346 id

316 1375 499 1459 jumentum
515 1391 555 1432 ex
571 1367 678 1432 medio
692 1367 784 1432 alveo
802 1367 836 1430 in
859 1388 948 1430 suam
972 1369 1074 1453 ripam
1090 1369 1275 1446 trabentes}
1292 1368 1394 1434 altero

320 1481 432 1524 eorum
447 1456 563 1532 occiso,
579 1467 773 1540 receptoque
785 1475 824 1518 eo
841 1453 997 1539 jumento,
1014 1454 1054 1520 ad
1079 1459 1395 1520 stationemauorum

321 1569 356 1610 se
366 1542 571 1628 recipiebant.
616 1542 886 1628 Octingentorum
902 1540 1066 1606 Thracum
1081 1541 1395 1627 praesidiuminhos·

321 1634 402 1697 tium
426 1631 498 1715 ripa
520 1638 599 1708 erat,
615 1651 654 1694 ex
669 1627 724 1692 'his
741 1627 837 1712 pauci
858 1628 975 1711 primo,
991 1649 1077 1716 aegre
1123 1630 1183 1694 assi
1205 1629 1395 1716 popularem

319 1719 354 1782 in
385 1731 445 1782 suo
474 1726 647 1800 conspectu
676 1734 806 1794 caesum,
836 1713 878 1778 ad
911 1651 1148 1802 persequenrlbs
1178 1715 1395 1781 interfectores

321 1805 454 1870 fluvium
477 1803 662 1890 transgressi
685 1815 776 1866 sunt:
803 1800 876 1866 dein
898 1802 1014 1886 plures,
1038 1816 1199 1888 postremo
1225 1822 1346 1881 omues,
1363 1815 1396 1867 et

323 1913 396 1957 cum
413 1890 575 1978 praesidio,
711 1975 731 2012 θ
849 1976 868 2012 ᾖ
985 1976 1005 2013 θ

323 2055 475 2144 proelium
491 2054 587 2118 ducit
951 2097 954 2105 ,
1223 2103 1227 2110 .
1295 2113 1298 2122 ,

316 2167 320 2178 ·
368 2142 463 2207 XLt
489 2139 644 2205 Movebat
665 2137 794 2224 imperii
815 2138 970 2223 majestas,
985 2139 1091 2227 gloria
1109 2141 1181 2225 viri,
1196 2153 1273 2209 ante
1286 2142 1397 2206 omnia

320 2243 412 2308 retas,
429 2227 516 2316 quod
539 2227 641 2312 major
662 2225 829 2312 sexaginta
849 2225 941 2289 armis
955 2227 1109 2312 juvenum
1134 2230 1244 2296 munia
1257 2229 1292 2292 in
1306 2243 1398 2315 purte

321 2317 489 2401 praecipua
502 2314 619 2379 laboris
632 2312 831 2399 periculique
841 2313 1031 2398 capessebat.
1077 2315 1293 2396 Intervallum,
1309 2316 1398 2402 quod

323 2404 350 2444 ²⁶
360 2405 442 2468 inter
472 2415 619 2468 caetmtos
646 2413 678 2466 et
708 2399 803 2487 phala
913 2413 991 2482 erat,
1024 2401 1156 2487 inplevit
1181 2403 1276 2492 legio,
1300 2418 1397 2490 atque

324 2488 582 2557 aciemhostium
597 2488 779 2573 interrupit.
809 2551 816 2566 ,
881 2497 974 2576 tergo
999 2489 1239 2569 caetratiserat,
1258 2489 1397 2558 frontem

324 2578 472 2643 adversus
488 2576 640 2659 clipeatos
662 2573 815 2640 habebat:
843 2571 1021 2661 aglaspides
1039 2575 1300 2662 adpellabantur.'
1317 2619 1320 2624 ·
1340 2579 1398 2644 Se·

324 2664 465 2730 cundam
490 2661 649 2750 legionem
676 2662 713 2725 L.
730 2659 868 2724 Albinus
898 2661 1075 2727 consularis
1102 2662 1220 2732 ducere
1247 2665 1399 2730 adversm

323 2747 538 2834 leucaspidem
569 2747 760 2834 phalangem
784 2749 910 2832 jussus:
944 2770 983 2812 ea
1010 2749 1116 2814 media
1145 2751 1229 2816 acics
1255 2750 1398 2818 bostium

324 2837 396 2902 fuit.
439 2835 516 2899 ”ln
531 2834 682 2900 dextrum
698 2832 912 2911 cornu,.unde
927 2834 1013 2899 circa
1034 2837 1167 2902 fluvium
1188 2839 1397 2905 commissum

326 2922 475 3006 proelium
490 2934 568 2999 erat,
585 2920 770 3016 elephantes
783 2919 917 3002 inducti,
933 2920 1001 2988 ”et
1016 2921 1067 2988 ala
1080 2924 1256 2991 sociorum:
1273 2938 1312 2994 -et
1322 2924 1400 2992 hinc

320 3121 323 3128 “
341 3112 391 3162 '25
407 3113 477 3159 Hora
492 3113 586 3160 sttruos
604 3113 701 3178 quarta]
720 3113 796 3160 Hunc
809 3113 845 3160 los
877 3113 999 3162 acholium
1009 3113 1105 3162 inutile.
1120 3115 1234 3178 Denique
1243 3119 1400 3180 corriglttra-

317 3193 381 3230 ‚eum
393 3180 428 3226 sie
445 3186 470 3226 et
487 3178 611 3234 emendat,
625 3185 651 3226 et
666 3180 772 3240 explicat
784 3179 845 3228 Gro·
876 3178 967 3237 barat,
983 3179 1050 3240 qma,
1069 3180 1091 3228 al
1107 3182 1203 3242 legatur
1219 3183 1344 3245 trunceta,
1354 3198 1401 3240 aaa

325 3246 426 3293 novius:
446 3243 515 3290 Hora
531 3244 697 3292 circiternonu
708 3244 854 3306 jumentam,
878 3258 927 3290 non
949 3251 1029 3306 potest
1048 3246 1152 3294 orationi
1172 3254 1283 3304 censure
1299 3249 1401 3312 integri.

324 3325 337 3358 e
362 3309 469 3356 manibus
497 3309 634 3356 curantium
655 3309 786 3355 hominum
814 3309 845 3355 de
877 3315 924 3358 tas.
1141 3317 1144 3326 ⁴
1271 3317 1274 3324 ⁴
1306 3321 1310 3328 '

323 3382 393 3437 perte
412 3374 525 3421 Βοιιιιιιιιι
543 3374 646 3434 clupeam
665 3375 692 3420 e'a
713 3373 846 3420 rdtcriorcm
911 3375 944 3422 26
959 3375 1318 3441 lammam-phalanga]
1337 3379 1401 3428 llaec

323 3445 403 3502 ripam
411 3439 505 3502 cffugit,
518 3440 542 3488 id
559 3444 603 3493 est.
619 3438 648 3485 fu
679 3453 705 3486 re
715 3439 845 3500 inceperat·
879 3445 916 3488 est
935 3439 1022 3502 prima
1040 3440 1154 3500 editionis
1168 3449 1194 3490 et
1211 3443 1400 3506 Sigoniauaruru

326 3503 393 3563 Quod
403 3519 475 3564 quum
483 3518 528 3565 per
543 3517 629 3565 aquam
638 3453 719 3567 ἔξω
735 3517 801 3562 gena
812 3509 846 3549 te·
879 3505 965 3551 lectior
982 3508 1059 3565 proba
1069 3506 1111 3552 illa
1121 3507 1231 3567 quidem,
1246 3523 1325 3571 quum
1342 3512 1400 3558 duaa

324 3587 370 3618 aar
388 3569 461 3616 ultam
481 3573 529 3616 trec
548 3569 634 3615 militer
645 3568 752 3616 Romani
768 3579 846 3628 erque-
880 3567 980 3628 'erant
999 3577 1028 3618 ut
1051 3584 1138 3632 supmv
1148 3575 1350 3630 memoravimus,
1372 3576 1399 3622 in

324 3641 415 3688 rentur,
442 3634 543 3682 Tlrracce
562 3632 608 3679 duo
630 3633 845 3680 Macedonicorum
877 3635 985 3683 exercitu
994 3634 1076 3682 Persei
1084 3637 1401 3699 phalanges3quaeetmox

324 3700 473 3748 auxiliorum
483 3712 514 3746 ea
528 3697 604 3746 media
618 3698 717 3747 clueoie
727 3705 796 3744 cauea
810 3697 846 3744 ri.-
877 3715 893 3748 e
904 3699 975 3746 Livio
992 3701 1154 3762 appellantur,
1166 3703 1188 3748 Α
1206 3703 1310 3764 laspirles
1327 3704 1402 3751 nimi·

323 3780 380 3825 pam
400 3763 535 3818 traherent,-
559 3762 632 3811 atum
648 3775 738 3820 man,
754 3763 781 3808 id
798 3768 845 3821 est,
877 3778 935 3813 rum
945 3771 971 3811 et
981 3764 1151 3827 Leucaspidea·
1183 3715 1333 3830 lamani
1348 3770 1400 3817 erli-

317 3832 460 3884 ,Thracum
471 3831 557 3887 oeetw,
570 3833 701 3889 receptaque
714 3841 740 3873 ra
749 3828 845 3888 jumen·
877 3832 935 3878 dere
943 3829 1094 3891 phalarum.
1133 3867 1138 3878 .

321 3901 358 3950 ta,
377 3894 408 3940 nd
427 3897 551 3941 rtatim
569 3905 666 3940 suarum
685 3897 735 3939 tres
748 3892 845 3938 illilto·
911 3894 942 3942 at
962 3894 1115 3944 ledarum
1125 3897 1399 3960 mua....e1eptaaus

324 3960 527 4008 manimiliteue
536 3958 685 4018 recipiebant.
701 3956 846 4016 Legendunr
878 3959 982 4022 aaut]
1008 3959 1157 4020 Elephantes
1179 3963 1274 4011 inducti
1295 3965 1322 4010 iu
1344 3977 1400 4011 eam

324 4030 396 4084 putet
406 4024 463 4070 hara
471 4039 540 4079 auca,
552 4028 679 4084 propterea
689 4022 755 4082 quod
772 4033 845 4082 supra
873 4029 973 4086 ‘partem
984 4025 1151 4084 quaternum
1161 4034 1215 4074 erat
1223 4042 1301 4078 cornu
1311 4029 1403 4078 uam

325 4090 420 4136 dictum
437 4096 474 4135 est
485 4091 551 4137 diem
562 4087 695 4134 extraxisse
706 4087 733 4132 itt
744 4088 845 4134 consilio
878 4103 974 4138 norum·

325 4155 461 4211 consulem,
474 4162 499 4200 et
511 4152 847 4200 Plutarchusdisertssoribit
913 4155 945 4202 28
960 4155 996 4202 Et
1016 4155 1055 4204 alo
1080 4155 1206 4222 emtarum]
1229 4159 1309 4208 Utra?
1337 4160 1401 4212 Due

319 4231 435 4279 pugnam
444 4214 774 4283 emptamessealgseimieee·
786 4219 849 4266 (tou-
880 4221 947 4268 enim
958 4222 1036 4278 luere,
1047 4213 1285 4287 utjcm'aliquotiee
1302 4227 1400 4273 monui-

328 4285 395 4328 fuscs
416 4283 507 4330 seilicet
527 4281 845 4330 anacronismum.
879 4297 946 4345 mus,
955 4287 1042 4334 dextra
1052 4292 1077 4333 et
1086 4289 1193 4338 cinicus.
1221 4292 1401 4340 nuemuavex

329 4347 411 4394 Voces
425 4346 451 4393 td
465 4348 600 4410 jumentum
610 4349 717 4408 ablegat,
729 4352 847 4408 tanquam
879 4352 975 4399 videtur
985 4351 1158 4402 mucium
1240 4375 1242 4382 ¹
