3056 4976
280 153 328 210 civ
601 177 632 198 υ
665 152 989 214 ΒΙὸΡϋΤΑΤΙὈ

123 325 237 410 sacram.
281 319 283 330 '
328 313 485 396 Stadium,
500 326 647 380 mensura
659 313 789 395 Graeca,
804 332 872 382 erat
883 313 1010 384 centum
1027 316 1138 405 viginti
1153 315 1383 404 quinquepaass

153 469 156 476 Δ
283 423 387 478 suum,-
401 394 537 488 quoruiu
554 395 686 488 quilibet
700 405 840 492 quinque
854 404 987 489 pedibus
1001 407 1198 469 censebatur.

122 494 231 544 Militare
327 487 468 552 Milliare
485 487 668 552 Romanum
684 512 741 573 par
756 503 824 556 erat
838 505 913 554 octo
927 490 1045 556 stadiis.
1157 533 1160 541 ·
1197 537 1200 546 .

122 583 189 660 Quor
201 585 278 633 aaut·
329 572 420 638 Hinc
433 573 524 638 facile
545 587 592 640 est
614 575 715 640 stadia
735 589 767 640 et
789 575 938 640 milliaria
958 577 1001 641 ad
1015 576 1174 642 leucamm
1197 587 1379 638 nostrarum

121 645 266 760 ffiffl‘l‘
284 661 500 726 communium
512 661 665 724 rationem
678 663 833 750 exigere..
860 663 978 740 Leuca,
995 661 1104 748 quales
1115 659 1315 748 vigintiquin
1340 682 1382 724 ue

122 785 235 826 „om
283 748 417 834 gradum
441 769 541 811 unum
563 747 729 812 meridiani
751 750 905 814 terrestris
924 747 1176 834 explent,=habet
1195 745 1303 830 hexap
1346 770 1382 810 as

283 839 382 899 99894
428 831 540 898 Stadia
553 833 652 920 igitur
664 833 728 898 duo
738 834 836 900 ferme
850 848 881 902 et
895 835 1018 922 viginti,
1028 837 1091 900 duo
1107 832 1254 898 milliaria
1265 843 1297 896 et
1308 853 1381 916 sep·

283 921 416 1008 tingenti
429 921 661 1024 quinquaginta
673 943 791 1006 passus,
804 923 922 1000 leucam
936 921 1139 996 conficerent,
1152 920 1176 982 si
1186 939 1247 1003 pes
1260 918 1382 982 Roma-

282 1029 342 1071 nus
356 1005 428 1090 pedi
441 1018 549 1070 nostro
558 1028 616 1090 par
627 1020 715 1070 esset.
742 1008 804 1074 Sed
817 1009 843 1071 si
852 1007 1053 1085 discriminis,
1066 1005 1152 1092 quod
1161 1005 1244 1068 iuter
1255 1017 1383 1069 utrum-

239 1132 241 1138 ι
283 1113 345 1180 que
359 1093 502 1168 interest,
520 1094 599 1156 ratio
615 1093 779 1180 habeatur,
790 1094 891 1159 stadia
906 1095 971 1158 lere
985 1108 1121 1179 quatuor
1129 1107 1167 1156 :et
1182 1091 1305 1178 viginti,
1318 1093 1383 1156 tria

283 1179 430 1244 milliaria
444 1177 614 1242 in'lcucam
632 1179 818 1263 imputanda
833 1179 936 1245 erunt.

263 1279 268 1304 ¹
300 1265 427 1342 ..Quod
442 1276 564 1350 spectat
578 1264 619 1329 ad
643 1287 804 1330 mensuras
825 1289 927 1347 cavas,
943 1281 995 1332 eas
1016 1285 1211 1350 omnesquae
1233 1262 1269 1326 iu
1283 1262 1382 1328 Livio

283 1352 452 1417 identidem
464 1350 673 1444 appellantur,
686 1351 726 1416 ad
736 1365 915 1418 nostrarum
929 1354 1084 1442 rationem
1098 1347 1226 1436 exigere
1236 1370 1381 1415 necessa·

283 1439 367 1502 rium
382 1438 545 1503 duximus.
576 1485 579 1490 -

122 1541 244 1616 ampo„
298 1563 302 1572 ·
327 1523 505 1608 Amphora,
523 1524 586 1588 sive
600 1526 800 1611 quadrantal,
817 1540 884 1596 erat
907 1529 972 1609 ipse
987 1548 1042 1613 pes
1056 1523 1185 1590 cubicus
1202 1523 1380 1602 Romanus,

121 1636 162 1680 ur·
172 1620 268 1667 cubicus
284 1623 363 1677 teste
386 1611 520 1675 Fannio.
567 1611 630 1677 Sed
645 1635 742 1698 quum
759 1615 790 1676 iu
806 1614 887 1698 pede
904 1613 1051 1678 Romano
1074 1609 1221 1676 undecim
1235 1608 1302 1673 fere
1316 1608 1382 1674 sint

120 1687 250 1733 maanus.
286 1697 413 1778 pollices
430 1697 633 1776 Parisieuses,
645 1698 813 1782 (decimam
832 1700 951 1783 pollicis
966 1711 1099 1784 partem,
1115 1694 1287 1782 quaeebest
1301 1695 1379 1780 pedi

284 1784 443 1861 Romano,
457 1782 659 1870 negligimus)
670 1807 724 1870 pes
733 1785 862 1850 cubicus
872 1787 1034 1850 Romanus
1045 1781 1378 1866 soloshabebat‘polli-

282 1893 332 1936 ces
347 1870 474 1935 cubicas
497 1870 583 1934 mille
605 1885 761 1936 trecentos
776 1873 907 1960 triginta
923 1893 1033 1950 unum,
1049 1871 1157 1957 quales
1178 1867 1274 1932 habet
1288 1867 1377 1932 mille
1391 1901 1395 1908 ·

282 1957 498 2044 septingentos
508 1956 618 2053 viganti
629 1971 703 2022 octo
714 1980 768 2042 pes
777 1973 883 2023 noster
894 1958 1034 2023 cubicus.
1058 1953 1377 2054 Itaquepescubicus

171 2083 175 2093 ·
282 2045 450 2192 Romaeqp
467 2055 515 2106 est
537 2041 577 2106 ad
596 2044 710 2128 pedem
725 2045 872 2108 cubicum
891 2057 1075 2124 nostratem,
1090 2058 1126 2108 ut
1141 2045 1190 2130 δὲ.
1207 2040 1246 2105 ad
1263 2050 1296 2118 4,
1311 2061 1377 2105 slve

264 2142 319 2195 ut
335 2136 422 2197 aaa
459 2135 513 2192 48.
811 2177 813 2181 s

122 2229 226 2306 Modica.
327 2213 459 2280 Modius
480 2216 566 2302 apud
588 2217 752 2282 Romanos
771 2217 861 2305 pedis
883 2217 932 2281 sui
957 2215 1061 2280 cubici
1087 2215 1179 2279 tertia
1202 2235 1272 2298 pars
1296 2225 1377 2291 erat,

121 2301 258 2354 terrama
283 2301 550 2390 quemadmodum
565 2305 650 2388 apud
665 2325 733 2381 nos,
747 2303 860 2369 nostri.
904 2304 1016 2390 ltaque
1031 2301 1197 2366 eademest
1210 2300 1293 2364 iuter
1307 2322 1378 2363 mo-

121 2361 248 2420 amphora.
282 2391 352 2456 dios
370 2389 553 2453 Romanum
567 2403 597 2454 et
612 2403 794 2469 nostratem,
810 2413 884 2477 quae
898 2390 980 2454 inter
995 2388 1089 2474 pedes
1106 2387 1234 2451 cubicos
1256 2387 1377 2450 Roma·

282 2488 405 2542 numet
423 2475 627 2540 Parisiensem
645 2480 735 2542 ratio.
1176 2483 1178 2494 '
1246 2499 1247 2506 ¹

114 2571 239 2646 empus,
323 2563 466 2649 Congius
476 2575 523 2626 est
531 2563 663 2647 semipes
674 2564 839 2629 Romanus
851 2564 991 2644 cubicus,
1000 2576 1112 2627 octava
1121 2583 1193 2647 pars
1202 2557 1377 2644 amphorae.

120 2650 219 2746 25¹²¹P²⁵
231 2651 271 2682 ⁰¹¹·
283 2647 347 2712 Sed
362 2669 460 2732 quum
475 2649 607 2733 congius
622 2648 661 2712 ad
677 2649 834 2715 metienda
848 2649 967 2734 liquida
981 2649 1194 2724 adhiberetur,
1206 2645 1378 2710 aestimabi·

137 2715 195 2747 ’Μ’
283 2757 353 2798 mus
367 2755 453 2812 eum,
468 2749 504 2797 ut
519 2748 550 2798 et
571 2747 690 2799 ceteras
704 2734 788 2800 infra
801 2737 906 2820 ipsum
925 2757 1093 2813 mensuras,
1111 2735 1144 2798 iu
1159 2734 1200 2798 iis
1221 2733 1377 2797 mensuris

280 2842 359 2906 quas
374 2839 521 2884 vocamus
533 2821 649 2902 pintus,
662 2833 693 2886 et
707 2843 815 2886 earum
830 2823 986 2907 partibus.
1031 2822 1144 2908 Itaque
1155 2819 1289 2905 congius
1303 2841 1379 2882 cen·

280 2920 360 2983 tum,
376 2919 413 2970 ut
433 2905 527 2969 initio
541 2907 691 2984 diximus,
707 2909 816 2972 uncias
840 2910 1001 2974 Romanas
1018 2913 1125 2994 pondo
1139 2907 1205 2969 vini
1220 2905 1377 2989 capiebat,

281 2993 398 3078 quibus
409 3011 502 3080 pares
515 3006 590 3056 suut
607 2997 690 3076 1043.
709 2996 811 3059 unciae
835 2995 1035 3072 Parisienses,
1051 2993 1115 3058 sire
1128 2993 1220 3056 librae
1236 3013 1301 3068 sex,
1318 3012 1379 3055 un·

281 3079 340 3144 ciae
351 3091 437 3157 octo,
453 3100 527 3142 cum
542 3102 605 3144 una
619 3095 710 3144 sexta
725 3081 828 3146 unciae
842 3095 943 3167 parte.
989 3083 1034 3145 At
1048 3081 1113 3150 vini
1127 3077 1378 3164 velaquaepr'ntc

283 3165 341 3250 (sic
355 3165 447 3229 euim»
462 3165 549 3252 loqui
564 3188 690 3230 necesse
704 3169 763 3245 est,
777 3168 802 3232 si
824 3169 991 3232 verborum
1008 3167 1167 3244 circuitus,
1183 3178 1215 3230 et
1229 3164 1380 3248 ambages

282 3252 381 3316 vitare
396 3254 551 3330 volumus)
576 3267 681 3339 aequat
702 3254 781 3319 duas
795 3255 891 3319 libras
912 3253 1064 3340 pondere.
1111 3253 1222 3338 Itaque
1243 3251 1378 3336 congius

283 3337 427 3422 capiebat
442 3352 511 3404 tres
526 3339 590 3403 viui
613 3341 660 3404 vel
676 3363 769 3426 aquoe
790 3343 892 3423 pintus
907 3353 939 3404 et
960 3339 1057 3426 paulo
1072 3338 1208 3424 amplius
1229 3351 1378 3424 quartam

280 3425 377 3506 pintae
392 3437 524 3510 partem.

122 3509 248 3561 Sumit·
328 3511 500 3589 Sextarius,
517 3525 607 3578 sexta
621 3536 694 3599 pars
705 3514 821 3601 congii,
838 3513 995 3578 sexdecim
1011 3512 1120 3577 uncias
1137 3511 1297 3575 Romanas
1312 3510 1379 3574 vini

283 3597 392 3684 pondo
406 3620 479 3663 cum
494 3600 635 3684 quinque
646 3600 805 3665 drachmis
819 3615 851 3664 et
867 3622 929 3664 una
946 3600 1037 3664 tertia
1049 3598 1211 3663 drachmae
1227 3608 1380 3680 parteca·
1411 3637 1414 3645 ι
1505 3583 1506 3628 ³

283 3683 401 3770 piabat,
417 3685 531 3748 libram
556 3685 765 3750 Parisiensem
781 3708 854 3750 cum
877 3687 971 3750 uncia
985 3703 1016 3750 et
1038 3685 1183 3765 semisse,
1193 3705 1230 3748 ac
1245 3683 1381 3768 proinde

286 3772 387 3856 major
398 3786 471 3836 erat.
480 3793 517 3834 ea
531 3793 677 3850 mensura
692 3794 788 3857 quam
804 3793 952 3836 vocamus
967 3773 1097 3854 cbopiue.

23 3933 24 3936 Ἴ
122 3872 234 3922 nemina.
315 3857 467 3936 Hemina,
480 3879 553 3942 pars
564 3856 698 3922 dimidia
705 3871 772 3922 erat
784 3859 924 3936 sextarii,
937 3882 974 3923 ac
983 3857 1119 3944 prolude
1128 3854 1298 3942 superabat
1307 3877 1379 3920 eam

267 3957 269 3964 ⁴
283 3965 464 4009 mensuram
479 3965 552 4028 quae
566 3943 652 4028 apud
666 3966 725 4008 nos
738 3943 856 4008 dicitur
869 3946 1078 4028 demi-septies.
1346 3992 1350 4000 -

39 4023 45 4034 ’
124 4043 276 4092 Queruntur.
296 4071 300 4079 ·
329 4031 961 4116 Quartarius,quartaparssextarii,nou
975 4031 1110 4110 multum
1122 4027 1379 4094 excedebateum

287 4116 465 4192 modulum,
481 4137 574 4201 quem
590 4116 724 4182 dicimus
740 4119 870 4200 poicsou.

68 4203 73 4214 ⁴
124 4209 225 4320 mim·
333 4202 527 4268 Emensuris
538 4205 623 4270 cavis
635 4205 720 4290 apud
732 4205 866 4271 Graecos
880 4206 1011 4285 usitatis,
1022 4204 1121 4269 solius
1131 4201 1282 4268 medimui
1293 4197 1381 4284 apud
