3116 4986
305 143 309 154 ⁸
383 188 454 286 oss·
511 250 513 254 .
787 185 1033 248 sermono

382 367 552 432 magnaque
565 349 758 415 multitudine
770 351 897 416 bostium
908 371 996 428 casa,
1008 351 1143 434 aliquam
1151 361 1275 435 portem
1286 353 1394 418 insulae
1404 354 1440 416 in

380 443 561 518 potestatem
573 435 699 520 redegit.
1297 473 1299 477 ·

856 664 965 750 CVI.

425 849 515 918 lulio
531 848 663 913 Casaris
675 847 760 930 filia,
775 849 918 930 Pompeii
937 871 1024 927 uuor,
1040 851 1180 914 decessit.-
1201 853 1350 934 bonosque
1372 851 1404 914 ei
1422 872 1445 914 a

377 938 494 1020 populo
504 936 625 998 babitus
638 943 691 1008 est,
703 943 737 998 ut
751 935 785 997 in
799 955 903 1017 compo
915 935 1038 1000 Martio
1047 939 1235 1019 sepeliretur.
1281 937 1445 1000 Gallorum

369 1025 503 1106 ·oliquot
522 1022 643 1104 populi,
659 1019 867 1104 7⁷Ambiorige
890 1023 963 1086 duae
987 1023 1172 1102 Eburonum,
1194 1023 1387 1108 defecerunt:
1420 1044 1443 1086 a

384 1109 488 1192 quibus
500 1109 589 1172 Cotto
600 1116 629 1170 et
642 1105 668 1148 ⁷⁸
678 1106 827 1186 Titurius,
837 1109 935 1191 legati
948 1107 1088 1186 Casoris,
1100 1110 1294 1174 circumventi
1304 1109 1442 1185 insidiis,

383 1216 449 1258 cum
459 1196 602 1268 exercitu,
612 1195 662 1257 oui
673 1202 838 1274 preerant,
851 1195 921 1257 cari
933 1204 1012 1260 sunt.
1034 1203 1064 1258 et
1078 1215 1166 1279 quum
1180 1197 1313 1260 aliarum
1327 1215 1447 1279 quoque

383 1282 533 1366 legionum
548 1290 650 1343 castro
672 1288 848 1362 oppugnata
863 1301 972 1364 magno
985 1280 1089 1346 labore
1103 1283 1227 1366 defensa
1241 1290 1348 1360 essent,
1362 1279 1447 1344 ”in-

383 1376 488 1451 terque
502 1387 561 1445 eos,
577 1366 631 1448 qui
645 1367 678 1428 in
695 1365 820 1429 Nerviis
833 1376 978 1445 premat,
995 1369 1032 1440 Q.
1050 1368 1165 1446 Cicero,
1180 1368 1220 1432 ab
1237 1368 1304 1450 ipso
1314 1368 1447 1450 ,narare

383 1454 481 1517 hostes
489 1451 680 1534 proeliosusi
689 1460 769 1516 sunt.
806 1452 853 1514 M.
870 1453 1006 1533 Crassus,
1017 1454 1124 1518 bellum
1135 1455 1265 1518 Parthis
1278 1455 1446 1528 inlaturus,

383 1537 710 1624 Eupbrotemfluoium
725 1539 862 1614 transiit,
878 1539 1029 1624 vietusque
1044 1541 1169 1622 pralio,
1186 1542 1220 1604 in
1241 1561 1299 1624 quo
1313 1548 1343 1602 et
1349 1540 1449 1621 filius

383 1625 446 1708 ejus
459 1624 576 1698 cecidit,
594 1643 681 1706 quum
702 1625 850 1706 reliquias
863 1627 1009 1690 enmoitus
1024 1627 1057 1690 in
1076 1627 1178 1690 collem
1191 1627 1359 1708 recepisset,
1377 1645 1448 1690 euo-

275 1738 278 1742 ·
383 1720 467 1774 catus
482 1712 515 1773 in
529 1710 716 1794 conloquium
730 1708 770 1772 ab
783 1711 926 1788 hostibus,
942 1707 1020 1775 oelu't
1034 1713 1072 1774 de
1085 1733 1165 1794 poce
1178 1713 1302 1788 orturis,
1318 1731 1448 1794 quotum

383 1797 446 1860 dur
466 1805 534 1860 erat
547 1797 690 1871 Surenas,
712 1797 945 1880 comprehensus,
967 1806 1005 1873 et,
1021 1820 1058 1862 ne
1079 1800 1153 1882 quil
1172 1800 1257 1862 viores
1270 1805 1449 1880 pateretur,

383 1904 559 1970 repugnans
573 1879 747 1962 interfectus
761 1891 815 1946 est.

844 2143 985 2261 cvii
1011 2193 1013 2197 ψ

428 2323 463 2387 C.
481 2323 596 2398 Casan,
616 2321 754 2386 Tbeoiris
773 2322 807 2384 in
824 2321 934 2385 Gallio
955 2323 1052 2399 victis,
1070 2323 1175 2384 iterum
1190 2321 1225 2382 in
1241 2317 1447 2382 Germaniam
1533 2381 1534 2384 ,

382 2411 530 2474 transiit:
553 2409 693 2492 nulloque
708 2407 753 2471 ibi
762 2407 846 2471 hoste
860 2409 991 2485 invento,
1001 2428 1135 2472 reversus
1149 2408 1182 2470 in
1197 2405 1347 2480 Gabiam,
1357 2403 1449 2468 Ebu·

383 2519 472 2560 rones
482 2505 511 2558 et
526 2497 608 2560 alias
621 2496 771 2571 ciuitates,
787 2514 855 2578 qua
864 2496 1125 2576 conspirauerunt,
1140 2493 1224 2569 oieit,
1242 2501 1271 2555 ot
1285 2489 1449 2554 Ambiori-

379 2604 448 2666 gem
470 2584 504 2644 in
513 2581 600 2666 fogo
619 2588 790 2662 persecutus
811 2589 875 2644 ert.
907 2582 949 2645 P.
966 2581 1081 2657 Clodii,
1097 2601 1118 2642 o
1137 2579 1175 2642 T.
1190 2578 1296 2642 Annio
1310 2576 1447 2652 Milone,

382 2669 550 2731 conbidato
573 2668 752 2742 connulntus,
774 2665 883 2748 Appio
908 2669 960 2730 oio
984 2669 1028 2730 od
1048 2663 1190 2730 Bovillas
1210 2664 1310 2738 amisi,
1334 2683 1449 2746 sorpto

376 2753 465 2834 plebs
487 2754 629 2815 incuria
653 2753 807 2816 memorit.
857 2753 955 2826 Quot
975 2753 1136 2817 seditiones
1158 2753 1241 2816 inter
1260 2749 1449 2814 candidatos

382 2839 553 2901 consulatus
567 2838 744 2922 Hypsaeum
759 2839 940 2920 Scipionem,
952 2849 983 2902 et
994 2839 1143 2902 Milonem
1157 2846 1262 2913 essere,
1280 2836 1334 2919 qui
1346 2835 1449 2898 armis

383 2945 421 2988 aa
434 2925 466 2987 oi
479 2923 698 2987 contendebant
705 2956 718 2995 ,-
741 2925 785 2986 ad
798 2926 1037 3006 comprimendas
1050 2946 1102 2988 eos
1114 2922 1205 2987 ”Gn
1222 2921 1388 3003 Pompeius
1401 2921 1449 2983 le·

378 3019 472 3094 gatus
486 3029 507 3072 a
526 3019 634 3073 sertotu
654 3010 757 3073 consid
773 3011 894 3073 tertium
903 3011 1014 3095 fastris
1027 3019 1080 3086 est,
1097 3010 1203 3073 obesus
1215 3017 1246 3072 et
1258 3009 1348 3082 sober,
1364 3007 1452 3089 quod
1533 3081 1534 3088 ἵ

382 3097 463 3159 nulli
478 3097 539 3159 olii
558 3101 697 3180 umquam
718 3097 856 3180 omstigit.
903 3095 1078 3171 Quartione
1095 3098 1222 3160 decreto·
1235 3095 1274 3158 de
1292 3099 1388 3157 morte
1403 3091 1447 3154 P.
1533 3135 1534 3166 ,

384 3182 497 3259 Clodii,
514 3181 598 3246 Milo
607 3180 733 3266 judicio
745 3183 907 3247 munatus
928 3184 962 3246 in
981 3185 1121 3248 rusilium
1142 3191 1228 3246 actus
1248 3189 1303 3244 est.
1343 3175 1448 3241 ,⁸1stae

415 3387 447 3436 77
462 3385 598 3450 Ambiorige
613 3391 668 3438 duee
683 3383 831 3449 Eburonum]
847 3389 895 3437 Hie
927 3403 1005 3452 quum
1017 3389 1043 3436 in
1053 3389 1175 3450 plerisque
1186 3386 1258 3435 editis
1272 3385 1394 3446 legerenu
1404 3383 1449 3443 qui

299 3445 304 3453 ¹
380 3453 778 3514 aliquiddeeeeemanifestumest.
803 3453 895 3500 Grono-
927 3457 952 3501 iu
976 3455 1082 3501 Treuiris
1094 3457 1206 3514 promat,
1221 3453 1261 3499 edi
1276 3447 1397 3512 jussimus
1419 3448 1449 3491 in

381 3518 435 3564 vius
461 3519 565 3578 reponit,
586 3519 725 3580 Ambiorige
751 3517 816 3574 duos,
842 3532 896 3582 rege
927 3519 1037 3573 Nerviis,
1057 3519 1164 3564 obsecuti
1180 3517 1232 3564 Jac.
1249 3511 1381 3570 Gronovio,
1399 3509 1448 3570 qui

380 3581 527 3630 Eburonum.
830 3585 834 3596 '
925 3578 1401 3642 nehobuisseansiquiturcusoedocetz
1419 3579 1448 3620 et

364 3645 367 3652 ⁴
413 3643 584 3710 terestrem]
609 3645 662 3693 Hoc
672 3647 773 3696 debetur
788 3647 892 3712 sigonio
925 3649 956 3694 de
974 3649 1027 3708 ipen
1043 3659 1069 3692 re
1085 3652 1179 3694 constat
1197 3659 1228 3692 ex
1243 3641 1346 3692 crem
1363 3639 1447 3699 ipsius

380 3711 508 3759 Vetustiue
519 3713 571 3759 cusi
581 3712 710 3768 habehant,
724 3712 753 3762 Τ.
766 3713 893 3762 Auruncu-
925 3711 1062 3758 Comment.
1073 3712 1090 3757 l.
1101 3711 1132 3757 V.

378 3775 452 3823 leiurt
468 3777 573 3836 ·Sigonii
595 3775 697 3830 codices,
723 3777 751 3824 T.
778 3777 892 3824 Veturius.
957 3777 990 3824 80
1007 3777 1053 3824 Cn.
1069 3772 1194 3838 Pompeius
1210 3775 1301 3835 ugnus
1318 3783 1334 3816 a
1348 3766 1446 3843 ΜΨ]

379 3840 474 3888 Verum
492 3854 581 3888 nomen
597 3841 638 3886 ille
656 3842 778 3889 revoosvit
793 3857 824 3888 ex
841 3843 894 3889 (Σω-
925 3841 1020 3888 Vitium
1037 3853 1089 3887 erse
1103 3842 1130 3888 in
1141 3853 1199 3887 voce
1214 3837 1311 3900 legatur,
1326 3831 1447 3880 manifes-

377 3917 439 3951 ffle·
925 3911 981 3952 tum
991 3911 1037 3953 est.
1067 3904 1207 3966 Suspicatus
1216 3900 1362 3952 Gronovius,
1372 3905 1447 3954 roga·
1533 3965 1534 3978 χ

411 3967 442 4016 79
457 3969 568 4032 Interque
578 3983 622 4025 eor,
635 3968 675 4030 qni
690 3970 717 4018 in
727 3971 825 4018 Nerviis
831 3985 894 4031 pra-
926 3973 970 4016 tur.

376 4038 437 4089 erat,
451 4032 481 4088 Q.
493 4035 586 4100 Cicero]
607 4035 699 4092 Primo,
708 4035 769 4082 nihil
780 4041 817 4082 est
826 4036 852 4081 in
863 4037 893 4082 iir
957 4033 987 4081 81
1006 4031 1112 4080 uolatu
1122 4033 1167 4098 ert]
1191 4033 1245 4079 Hoo
1258 4032 1360 4078 debetur
1374 4023 1448 4085 Sigo-

376 4101 433 4157 qu'ae
448 4101 598 4157 praecedunt,
615 4112 663 4160 quo
678 4101 797 4151 reseratur
810 4097 893 4148 ebear.
923 4097 975 4154 nio,
991 4099 1034 4158 qui
1054 4099 1162 4159 reposuit
1179 4099 1281 4144 verbum
1302 4095 1329 4140 in
1347 4093 1392 4138 hnc
1416 4103 1446 4134 re

377 4163 463 4222 Itaque
471 4165 524 4224 lege
534 4179 592 4211 cum
603 4165 723 4211 Gronovio
734 4166 773 4211 vel
784 4165 893 4226 superius
924 4165 1050 4225 proprium
1076 4163 1134 4221 lau,
1153 4175 1197 4224 pro
1221 4161 1292 4216 duta,
1314 4155 1353 4206 vel
1375 4151 1445 4228 &bg

374 4225 475 4273 ulwurm
491 4241 577 4291 quoque
588 4229 716 4290 legatorum
732 4243 776 4289 pro
792 4229 893 4275 alunan
925 4229 1045 4287 quomodo
1065 4226 1120 4276 libri
1137 4227 1188 4273 sire
1202 4225 1269 4280 euti.
1288 4223 1339 4271 rive
1357 4221 1446 4278 scripti

375 4303 462 4349 quoque
479 4291 600 4352 bgionem,
620 4293 659 4340 vel
678 4294 718 4340 hio
735 4295 839 4354 interque
857 4305 892 4347 ea,
925 4292 1052 4340 habebant.
1109 4286 1120 4300 ‘

376 4353 603 4418 quibui..praerat
615 4356 643 4412 Q.
653 4357 740 4406 Cicero.
771 4357 891 4415 Secundo,
