3056 4976
350 230 370 291 6
732 233 864 296 ,ΤΙΤΙ
896 233 1031 294 le11

189 403 330 474 incuss,
350 392 507 480 Aquileiae
520 396 632 476 modo,
647 395 737 462 ¹²sed
753 399 866 466 Rome
881 421 1010 486 quoque
1028 409 1100 485 post
1121 420 1239 486 paucos
1256 398 1334 476 dies,
1350 395 1411 460 iur'·

188 470 256 538 M·
271 478 326 522 ¹⁷⁸*
348 480 529 565 piaverunt:
554 505 629 570 quo,
645 504 710 548 uon
735 499 828 568 capta
852 497 974 550 tantum
997 496 1101 551 castra
1118 485 1159 552 ab
1179 484 1335 562 hostibus,
1350 503 1411 546 nee

347 565 434 654 fuga,
449 591 522 654 quae
537 589 610 634 vera
624 568 758 648 ierant,
773 571 828 636 sed
843 571 981 656 perditas
1003 593 1053 636 res
1074 571 1273 658 deletumque
1289 569 1411 634 exerci-

348 665 418 718 tum
432 675 571 733 omnem,
587 655 724 721 adlatum
747 669 802 720 est.
847 657 967 745 Itaque,
984 657 1104 744 ¹⁴quod
1125 659 1158 722 in
1181 657 1317 722 tumultu
1340 655 1411 726 fieri

347 737 435 816 solet,
451 739 591 806 delectus
605 753 693 806 extra
705 742 862 824 ordinem,
877 765 941 808 nou
964 743 998 824 iu
1020 742 1248 822 urbetuutum,
1264 741 1319 806 sed
1342 753 1411 806 tota

349 823 454 904 Italia,
470 827 592 894 indicti.
636 828 721 892 Duae
737 829 874 916 legiones
885 830 1001 894 civium
1014 829 1232 894 Romanorum
1248 827 1411 912 conscrip-

271 927 274 934 '
345 925 400 989 tae,
415 913 567 978 etdecem
585 914 683 978 millia
698 914 839 998 peditum
854 937 925 980 cum
948 915 1106 1001 equitibus
1120 914 1301 1004 quingentis
1315 915 1411 986 sociis
1517 957 1518 964 κ

345 999 484 1084 nominis
513 999 619 1064 Latini
648 1002 813 1085 imperata.
858 1001 909 1066 Μ.
930 1001 1046 1066 Juuius
1074 1001 1184 1066 consul
1203 1000 1349 1066 transire
1376 1001 1410 1064 iu

346 1083 483 1151 Galliam
500 1097 532 1150 et
550 1087 591 1151 ab
611 1087 788 1152 civitatibus
809 1087 983 1172 provinciae
1007 1088 1082 1173 ejus,
1099 1099 1252 1174 quantum
1272 1109 1410 1173 quaeque

326 1186 463 1256 posset,
487 1171 621 1238 militum
643 1173 774 1260 exigere
789 1174 921 1258 jussus„
953 1173 1055 1238 Simul
1078 1173 1251 1250 decretum,
1272 1187 1308 1238 ut
1322 1171 1387 1237 1ὅΤ
1388 1172 1409 1235 i.

343 1256 496 1324 Claudius
506 1271 626 1344 praetor
637 1258 789 1324 militibus
803 1259 937 1346 legionis
952 1271 1086 1344 quartae,
1103 1275 1134 1324 et
1156 1259 1279 1324 socillm
1295 1259 1408 1326 Latini

341 1345 478 1410 nominis
492 1345 633 1432 quinqua
655 1344 803 1422 millibus,
826 1345 984 1430 equitibus
1006 1345 1149 1410 ducentis
1164 1345 1408 1433 quinquaginta,

287 1483 288 1490 ,
344 1429 434 1494 Pisas
456 1443 491 1496 ut
513 1431 728 1509 convenirent,
748 1431 902 1509 edicerem
934 1454 1066 1518 eamque
1090 1433 1298 1516 provinciam,
1328 1431 1408 1496 dum

341 1519 452 1580 consul
464 1517 539 1581 iude
553 1519 683 1593 abesset,
701 1530 872 1582 tutaretur:
899 1517 949 1582 M.
961 1517 1101 1587 Titinius
1115 1531 1235 1602 praetor
1248 1517 1407 1605 legionem

341 1599 487 1687 primam,
513 1625 622 1688 parem
649 1625 816 1667 numerum
841 1605 999 1674 sociorum
1021 1605 1162 1688 peditum
1190 1605 1406 1691 equitumque,

342 1687 521 1753 Ariminum
537 1690 705 1754 convenire
714 1689 852 1775 juberet.
899 1689 984 1754 Nero
999 1689 1167 1774 paludatus
1184 1689 1272 1754 Pisas
1283 1690 1316 1756 iu
1333 1711 1407 1774 pro·
1517 1702 1518 1768 ζ

341 1774 477 1840 vinciam
493 1789 540 1854 est
556 1775 723 1860 profectus.
768 1775 919 1851 Titinius,
939 1776 977 1842 C.
995 1777 1107 1841 Cassio
1122 1776 1251 1841 tribuno
1266 1775 1404 1842 militum
1517 1776 1518 1858 j

341 1859 535 1936 Ariminum,
559 1863 614 1950 qui
639 1875 789 1946 preesset
813 1861 941 1948 legioni,
968 1861 1075 1936 misso,
1102 1861 1257 1928 delectum
1289 1862 1406 1927 Romae
1517 1897 1518 1902 κ

340 1945 462 2012 habuit.
507 1948 558 2013 M.
582 1949 699 2012 lunius
728 1946 847 2024 consul,
877 1969 915 2014 ex
938 1947 1112 2032 Liguribus
1146 1949 1179 2012 iu
1208 1949 1406 2033 prosinciam
1517 1985 1518 2028 3

251 2073 254 2085 ·
308 2075 311 2080 -
342 2031 482 2098 Galliam
504 2049 724 2122 transgressus,
740 2033 866 2098 auxiliis
887 2035 1031 2118 protinus
1053 2056 1110 2118 per
1129 2035 1272 2098 civitates
1288 2034 1406 2100 Galliae
1517 2045 1518 2056 ¹

340 2118 367 2158 ¹⁸
377 2119 589 2207 militibusque
614 2119 734 2184 colonis
758 2119 930 2204 imperatis,
954 2121 1133 2204 Aquileiam
1154 2121 1308 2206 pervenit.
1353 2121 1407 2186 lbi
1517 2125 1518 2182 ἑ

343 2206 458 2272 certior
487 2206 597 2287 lactus,
631 2207 806 2271 exercitum
836 2205 1027 2270 incolumem
1039 2229 1126 2284 sesae,
1153 2206 1277 2292 scriptis
1306 2206 1406 2272 literis

340 2293 488 2369 Romam,
517 2315 557 2358 ne
587 2292 864 2367 tumultuarentur,
895 2291 971 2376 ipse,
1002 2291 1137 2356 remissis
1166 2293 1301 2369 auxiliis,
1331 2309 1405 2380 quae
1517 2365 1518 2380 q

340 2379 443 2444 Gallis
472 2373 708 2465 imperaverat,¹
728 2379 770 2444 ad
806 2378 959 2466 collegam
989 2391 1036 2443 est
1073 2377 1241 2462 profectus.
1288 2379 1406 2446 Romae
1517 2407 1518 2410 ¹

306 2477 457 2554 ”magua
481 2489 520 2531 ex
549 2467 740 2551 necopinato
767 2463 876 2530 laetitia
904 2463 981 2529 suit:
1014 2463 1154 2530 delectus
1182 2465 1315 2530 omissus
1340 2480 1405 2532 est:
1517 2481 1518 2556 ζ

339 2552 545 2628 exauctorati,
576 2553 631 2638 qui
661 2562 856 2617 sacramento
885 2550 1053 2616 dixerant:
1091 2565 1123 2615 et
1141 2550 1320 2632 'exercitus
1350 2553 1407 2638 qui
1517 2559 1518 2586 l

340 2639 479 2704 Arimini
497 2637 674 2723 pestilentia
699 2635 841 2702 adfectus
865 2649 943 2714 erat,
959 2636 1091 2702 doraum
1113 2637 1272 2704 dimissus.
1316 2640 1403 2716 istri,

339 2725 463 2810 magnis
484 2723 584 2808 copiis
598 2745 697 2809 quum
718 2736 821 2788 castra
834 2721 921 2788 haud
942 2722 1054 2807 procul
1069 2724 1206 2788 consulis
1220 2724 1330 2788 castris
1345 2725 1406 2790 ha'·
1517 2742 1518 2808 j

339 2811 461 2886 bereut,
476 2821 643 2895 postquam
658 2808 792 2874 alterum
814 2807 976 2872 consulem
998 2831 1070 2874 cum
1093 2811 1231 2875 exercitu
1246 2831 1332 2884 novo
1346 2811 1405 2878 ads

339 2894 461 2960 venisse
475 2896 651 2974 audierunt,
666 2895 784 2979 passim
803 2893 995 2960 irs-ciuitates
1017 2895 1129 2980 dilapsi
1144 2911 1236 2961 sunt:
1258 2897 1405 2964 consules

340 2983 371 3046 A
395 2981 521 3046 uileiam
535 2979 568 3045 in
583 2980 717 3046 hiberna
730 2980 868 3066 legiones
884 2981 1091 3050 reduxerunt,

342 3005 443 3132 »bt
467 3065 584 3133 Sedato
613 3065 740 3132 tandem
772 3068 883 3133 Istrico
915 3067 1065 3144 tumultu,
1096 3068 1404 3134 senatusconsultum

340 3155 457 3220 fautum
469 3165 526 3230 est,
543 3165 578 3217 ut
598 3153 742 3220 consules
757 3153 839 3218 inter
853 3175 886 3218 se
900 3166 1132 3238 compararent,
1148 3170 1217 3218 uter
1236 3176 1346 3220 eorum
1362 3157 1405 3222 ud
1517 3199 1518 3236 2

341 3241 471 3305 comitia
492 3239 637 3306 habenda
662 3242 798 3306 Romam
820 3240 946 3304 rediret.
992 3239 1102 3315 Quum
1124 3241 1285 3304 absentem
1305 3241 1406 3308 Mau·
1517 3265 1518 3286 ¹

340 3325 421 3394 lium
448 3325 567 3394 tribuni
592 3326 703 3412 plebis,
729 3327 801 3391 17Α.
824 3325 967 3392 Licinius
997 3326 1104 3420 Nerva
1132 3342 1164 3392 et
1195 3326 1233 3390 C.
1254 3326 1406 3412 Papirius
1517 3287 1518 3372 l

375 3575 404 3620 12
422 3568 471 3614 Sed
484 3569 567 3616 &oras
583 3582 727 3630 quoquae...
744 3561 936 3626 impleus-fests
955 3565 1079 3615 debebant.
1113 3563 1195 3614 Qum
1214 3569 1293 3611 sutem
1312 3579 1334 3610 c.
1353 3579 1403 3626 seq.
1431 3616 1435 3626 Ι
1517 3591 1518 3612 r

339 3629 410 3696 runt]
424 3633 482 3680 Non
494 3635 557 3693 quod
573 3634 673 3680 iwruam
690 3631 789 3692 proiecti
804 3631 854 3676 siut
886 3631 920 3676 Μ.
940 3630 1044 3677 'litinius
1067 3631 1159 3676 dicatur
1180 3635 1288 3676 senatum
1310 3630 1404 3678 dedisse
1517 3621 1518 3632 ¹

227 3701 235 3744 J
327 3698 364 3744 'bi
381 3699 486 3750 Gavillii,
503 3699 544 3745 sed
567 3698 630 3757 quod
652 3710 732 3744 rumor
753 3695 783 3741 ab
805 3696 852 3742 illis
885 3695 1023 3756 Sempronio
1041 3700 1065 3744 st
1084 3694 1216 3749 Postumio,
1230 3694 1293 3754 quud
1312 3707 1404 3744 munus

324 3777 438 3824 ramnus,
444 3763 555 3822 Aquileia
561 3763 661 3818 Remum
673 3762 737 3811 breti
748 3761 851 3822 perlatus
877 3765 921 3817 ,est
936 3760 1042 3830 ppretoris
1056 3759 1142 3808 urbsui
1158 3759 1296 3820 absentibus
1313 3774 1402 3808 cousu-

338 3827 418 3876 luerit.
448 3829 592 3874 nussum.
769 3818 774 3833 ’
885 3826 957 3884 libus,
966 3826 1082 3884 judicarit
1097 3825 1158 3872 idem
1170 3825 1268 3885 Pighius
1285 3825 1401 3872 urbanam

372 3901 402 3940 18
419 3887 515 3956 Erunt]
546 3892 585 3942 ste
601 3890 850 3940 rectsGronuriiedi·
881 3890 1069 3950 jurisdictionem
1083 3889 1176 3936 Titinio
1191 3889 1317 3951 obtigisse,
1330 3891 1404 3938 Clau·

337 3957 400 4005 dere.
432 3958 481 4006 Alii
490 3963 552 4015 erat,
560 3961 621 4004 teste
632 3955 747 4004 Hesruio.
884 3956 923 4002 dio
932 3957 1023 4002 Neroni
1034 3957 1097 4001 iuter
1107 3955 1171 4001 circs
1179 3959 1203 4001 et
1214 3957 1359 4015 peregrinos.

373 4029 402 4069 14
421 4015 849 4102 wasufflufiertsotetJViu
887 4055 892 4064 .
918 4021 1131 4097 retrorsumque
1150 4019 1238 4066 colonis
1257 4019 1397 4096 imperatis]

337 4088 852 4214 ”⁰ls⁵it⁸dlds¹di;3;ii¹'i²nnm
882 4085 940 4197 Nl?
956 4086 1401 4212 tttfftrttftdtittttm

336 4224 399 4294 recte
414 4216 614 4330 colligiti‘fi'gbius
630 4217 850 4340 buggustbjldliti·
882 4221 926 4294 set.
958 4216 1037 4278 Magis
1054 4215 1318 4276 murtuensem
1338 4216 1399 4264 colo-

311 4293 1058 4344 -nrum,qurrn=uormunursruussaffl.
1181 4317 1186 4330 .
1311 4344 1381 4358 ,Ι

334 4347 850 4475 tiltltttttt‘tttnit‘tttt
880 4341 1399 4474 „ii,2‘,ssfi?;:;{{3‘;l,i⁶³⁰⁰'‘·¹¹”¹³
