3154 4984
314 222 372 286 166
687 219 972 288 murtrum

154 403 289 454 uomet.
315 385 471 456 militibus
500 387 595 457 datur
619 385 847 472 diripiendum.
893 385 1033 461 Perseus,
1057 382 1157 448 ⁴⁰unc
1181 395 1306 483 tantum
1332 395 1388 466 sp'e

151 473 183 518 A·
196 469 223 518 ⁰·
236 469 290 517 ¹⁶⁸·
317 473 510 544 Bisaltarum
540 474 651 544 auxilii
676 471 824 549 tentatal,
848 471 889 538 ad
915 493 994 558 quos
1019 471 1234 568 nequidquam
1260 482 1389 569 miserat

151 535 293 584 nascimi-
315 561 445 648 legatos,
468 561 505 624 in
533 561 720 630 concionem
744 559 912 646 processit,
941 558 1124 644 Philippum
1156 577 1263 632 secum
1286 555 1388 658 libum

152 601 255 712 :geppan
314 646 451 718 hahens:
475 659 512 712 ut
533 661 567 714 et
585 647 671 732 ipsos
693 645 986 732 Amphipolitanos,
1006 659 1039 710 et
1056 644 1202 746 'equitum
1226 642 1387 728 peditum·-

314 757 386 820 que,
403 734 459 820 qui
474 744 535 802 aut.
543 757 667 820 semper
681 735 790 810 monti,
807 746 863 798 aut
876 731 952 820 fuga
967 733 1078 798 eodem
1101 730 1197 796 delati
1212 742 1315 832 erant,
1330 729 1388 794 ad·

314 819 474 887 hortando
493 820 648 888 “animos
670 821 884 886 confirmaret.
930 820 995 886 Sed
1019 818 1186 907 aliquoties
1207 818 1313 917 dicere
1337 834 1386 886 rn-

315 906 482 990 cipientem
509 929 609 993 quum
639 907 778 978 lacrimae
800 907 1036 993 praepedissent
1044 931 1062 1006 ς.
1083 905 1159 992 quia
1184 907 1251 989 ipse
1266 903 1387 1006 ,dicere

314 993 447 1076 nequiit,
462 991 617 1060 Evandro
638 994 780 1061 Cretensi
801 994 904 1077 editis,
920 1017 993 1080 quae
1012 1015 1064 1082 agr
1086 1015 1159 1094 cum
1182 990 1388 1058 multitudiue

315 1078 420 1158 vellet,
445 1079 523 1147 ¹²de
551 1081 672 1166 templo
697 1080 871 1148 descendit.
906 1080 1108 1157 Multitudo,
1135 1091 1217 1146 sicut
1242 1078 1283 1180 ad
1308 1093 1386 1144 con*-

315 1177 461 1250 spectum¹
481 1167 565 1251 regis
586 1167 760 1256 fletumque
780 1181 844 1234 tam
864 1167 1071 1234 miserabilem
1095 1181 1127 1232 et
1148 1166 1217 1251 ipss
1241 1185 1273 1230 m
1316 1187 1387 1230 mu·

314 1263 383 1324 erut
401 1251 694 1341 lacrimaveratque,
707 1256 753 1322 ita
767 1255 909 1320 Evandri
924 1255 1100 1328 orationem
1115 1253 1271 1338 adsperna
1293 1265 1387 1355 stupe

153 1345 296 1407 Amphipoli
314 1331 497 1424 etquidem
519 1343 588 1410 ausi
609 1354 684 1411 sunt
709 1341 814 1406 media
834 1365 872 1408 ex
895 1343 1049 1407 concione
1071 1340 1276 1416 subclamare
1293 1339 1388 1410 Aac

152 1410 210 1459 ‘bl'
313 1427 396 1501 hinc,
413 1448 461 1503 ne,
473 1429 529 1510 qui
536 1430 634 1510 pauci
646 1443 845 1511 supersumus,
855 1440 990 1514 propter·
997 1452 1048 1530 vos
1056 1446 1229 1512 peractum.
1254 1425 1386 1495 Horum

298 1510 434 1593 ferocia
448 1534 557 1580 vocem
576 1513 721 1584 Evandri
742 1517 864 1582 clausit.
909 1515 1013 1608 ‘ffRex
1034 1537 1068 1580 m
1089 1515 1222 1616 domum
1244 1537 1278 1615 se
1299 1535 1386 1586 reoee

314 1600 372 1682 pit,
388 1599 586 1686 pecuniaque
600 1614 631 1666 et
654 1623 734 1672 auro
755 1616 950 1689 argentoque
969 1604 1002 1666 in
1018 1602 1152 1680 lembos,
1167 1619 1222 1688 qur
1243 1623 1277 1666 sn
1294 1601 1387 1687 Stry·

312 1705 411 1749 mone
423 1686 565 1768 stabant,
576 1683 700 1768 delatis,
716 1701 747 1760 et
761 1690 829 1774 ipse
842 1690 883 1756 ad
898 1690 1017 1756 flumen
1033 1687 1206 1756 descendit.
1230 1687 1385 1792 ljhrsqes,

311 1770 450 1840 navibus
464 1795 498 1842 se
511 1775 711 1848 committere
725 1785 796 1846 non,
805 1778 883 1856 ausi,
898 1776 1011 1842 domos
1025 1775 1148 1876 dilapsi,
1164 1787 1196 1840 et
1217 1775 1385 1877 ahoemrhf

315 1857 389 1927 tatis
413 1861 538 1947 generis
567 1859 690 1928 turbas:
722 1863 889 1933 Cretenses
914 1885 1004 1950 spem
1032 1882 1176 1949 pecuniae
1205 1875 1314 1930 secuti.
1341 1875 1387 1956 et,

314 1945 466 2028 quoniam
482 1947 514 2011 in
529 1948 703 2017 dividendo
717 1951 791 2036 plus
805 1951 1038 2029 obtensionum,
1053 1965 1150 2052 quam
1164 1951 1289 2052 gratiae,
1304 1963 1383 2028 erat,

315 2029 580 2122 “quinquaginta
609 2035 727 2106 talenta
752 2039 790 2104 iis
815 2039 918 2123 posita
943 2051 1018 2106 sunt
1043 2040 1076 2102 in
1104 2060 1174 2123 npa
1193 2037 1384 2123 drrrprenda.

314 2116 370 2181 Ab
384 2115 444 2184 hac
457 2119 639 2208 direptione
645 2145 746 2210 quum
761 2146 819 2210 per
833 2125 1005 2192 tumultum
1021 2147 1115 2190 naves
1123 2125 1384 2203 conscenderent,

309 2200 453 2280 lembum
470 2230 571 2276 unum
587 2211 620 2276 in
635 2207 716 2276 ostio
731 2211 834 2280 amnis
855 2211 1058 2284 multitudine
1079 2225 1244 2300 gravatum
1263 2221 1385 2280 'merse-

150 2305 289 2355 snneura·
312 2303 400 2364 runt,
445 2293 621 2382 Galepsum
636 2319 674 2362 eo
692 2296 757 2374 die,
772 2310 900 2381 postero
916 2297 1169 2378 Samothracam,
1185 2321 1280 2387 quam
1295 2312 1385 2384 pete-

149 2381 270 2487 ffitlffl·
311 2375 401 2456 bant,
427 2383 634 2464 perveniunt:
664 2383 706 2452 sd
731 2384 831 2453 ⁴⁵duo
858 2385 957 2452 millia
981 2384 1144 2474 talentum
1167 2397 1317 2472 pervecta
1344 2407 1384 2454 eo

310 2463 474 2534 dicuntur.
1228 2483 1249 2512 '·
1344 2507 1346 2514 ·
1373 2503 1376 2513 ·

331 2551 477 2618 -xuvt
502 2553 643 2635 Paullus,
673 2579 731 2644 per
771 2579 880 2626 omnes
912 2559 1036 2626 deditas
1070 2562 1211 2628 civitates
1244 2561 1384 2628 dimissis

310 2638 366 2724 qui
390 2653 577 2723 praeessent,
598 2664 640 2707 ne
665 2667 730 2730 qua
753 2644 869 2730 injuria
894 2649 928 2712 in
955 2669 1037 2711 nova
1061 2670 1141 2732 pace
1167 2647 1256 2714 victis
1280 2649 1380 2731 fieret,

309 2724 504 2812 retentisque
518 2728 605 2813 apud
623 2749 655 2793 se
671 2729 930 2798 caduceatoribus
949 2735 1041 2822 regis,
1060 2735 1098 2800 P.
1113 2735 1274 2815 Nasicam,
1290 2737 1381 2824 igna-

308 2831 365 2876 rus
393 2808 480 2898 fugae
510 2815 603 2901 regis,
626 2816 846 2902 Amphipolim
876 2820 962 2886 misit
987 2843 1059 2886 cum
1087 2825 1224 2894 modica
1238 2823 1382 2907 peditum

309 2896 517 2985 equitumque
547 2923 662 2967 manu:
693 2904 786 2970 simul
816 2921 851 2972 ut
881 2909 1021 2974 Sinticen
1052 2922 1217 2988 evastaret,
1241 2917 1276 2974 'et
1305 2911 1380 2977 ⁴⁶ad

308 3003 419 3048 omnes
440 2997 574 3051 conatos
596 2989 695 3076 regisi
710 2989 929 3076 inpedimento
950 3010 1038 3061 esset.
1084 2997 1174 3062 Inter
1197 2997 1267 3063 haec
1284 2997 1380 3064 Meli-

309 3066 386 3132 boea
407 3093 427 3134 a
443 3070 504 3136 Cn.
521 3075 659 3142 Octavio
683 3081 809 3163 capitur
830 3082 1061 3170 diripiturque:
1085 3083 1125 3148 ad
1141 3084 1321 3172 AEginium,
1338 3087 1380 3152 ad

308 3153 396 3240 quod
421 3156 674 3262 obpugnandum
704 3165 765 3231 Cn.
783 3170 916 3234 Anicius
938 3169 1061 3270 legatus
1084 3173 1197 3237 missus
1219 3186 1297 3252 erat,
1320 3175 1380 3271 du-

308 3241 403 3320 centi,
420 3261 588 3330 eruptrone
602 3271 642 3314 ex
665 3253 787 3337 oppido
808 3254 901 3333 facta,
917 3257 1026 3321 amissi
1047 3275 1132 3336 sunt,
1148 3261 1267 3348 ignaris
1283 3264 1380 3353 AEgi.

145 3335 236 3450 qqqqq
236 3335 301 3450 n131·
307 3327 469 3396 niensibus
483 3333 675 3404 debellatum
691 3363 767 3406 esse.
813 3341 944 3442 Consul,
961 3367 981 3408 a
994 3345 1104 3430 Pydna
1117 3349 1290 3436 profectds,
1305 3373 1380 3449 cuns

598 3473 705 3556 hteqtctt
716 3477 786 3528 Crev.
844 3467 859 3528 ,¹
870 3485 924 3543 regi
932 3475 1006 3531 Gron.
1019 3485 1088 3533 Crev.

248 3623 250 3628 .
339 3580 372 3627 40
391 3583 444 3630 Uno
464 3589 555 3636 tantum
572 3606 611 3652 ape
621 3595 767 3642 Bisaltarum
783 3610 826 3643 aa·
857 3599 982 3660 prefigere
997 3605 1182 3663 praepositiones
1195 3611 1226 3658 iis
1239 3613 1380 3664 nominibus

304 3644 361 3690 arm
372 3649 467 3712 tentati]
485 3651 550 3714 Lege
564 3669 621 3720 ¹cum
631 3661 718 3708 eodem
730 3661 825 3709 Grono-
857 3677 913 3724 quae
930 3678 960 3710 ex
973 3669 1108 3728 vulgatiora
1124 3686 1171 3720 usu
1187 3689 1228 3722 eas
1243 3681 1379 3739 repudiant.

305 3710 346 3755 vio
357 3714 452 3761 uatum.
716 3739 718 3747 ·
856 3727 976 3790 Exempla
986 3735 1077 3792 passim
1089 3747 1227 3786 occurrunt.

337 3774 368 3822 41
386 3776 486 3826 Animos
495 3782 653 3850 confirmaret]
665 3790 825 3840 Gronovianoe
889 3793 923 3840 st
945 3793 1124 3868 Qutnqucgtnto
1155 3804 1252 3870 tokntc]
1286 3807 1378 3858 Morere

199 3877 202 3883 .
304 3839 431 3896 editiones,
459 3847 629 3906 confirmarent.
671 3854 825 3903 Correximus
857 3863 951 3920 argenti
963 3870 1083 3912 nostrates
1093 3865 1165 3915 test.
1178 3873 1257 3920 unciae
1268 3874 1292 3922 t.

304 3917 334 3950 ex
346 3907 526 3959 vetustioribus.
890 3923 923 3969 ts
938 3927 995 3973 Duo
1025 3932 1100 3977 millia
1130 3935 1252 4001 tanatum]
1284 3939 1378 3988 Marce

335 3968 367 4015 te
383 3971 424 4017 Dc
446 3975 530 4034 templo
551 3977 677 4044 ascendit]
708 3983 746 4030 Do
769 3987 824 4032 loeo
856 3995 914 4034 sunt
924 3997 1018 4050 argenti
1031 3995 1135 4049 letam.
1317 4029 1323 4036 ·

301 4030 367 4079 unde
383 4038 502 4096 populum
514 4041 605 4102 alloqui
621 4055 743 4094 moserat.
777 4049 824 4098 Lo·
889 4049 978 4101 tt'Ad
998 4073 1076 4108 munes
1097 4071 1192 4113 emeatus
1210 4071 1262 4130 regt
1281 4067 1379 4132 impetit·

300 4098 386 4156 quitor
399 4114 467 4148 more
479 4105 590 4154 Romano
602 4109 693 4158 Liuius.
728 4113 823 4176 Notum
856 4121 931 4164 mento
949 4123 1017 4186 essa]
1041 4127 1071 4177 In
1089 4131 1260 4181 vetustioribus
1278 4135 1377 4194 quiban-

300 4167 338 4207 est
354 4163 442 4212 Rostra
460 4169 570 4229 temptum
589 4175 673 4235 fuisse,
682 4169 709 4224 ld
730 4184 777 4238 est,
788 4183 823 4226 lo·
856 4182 913 4228 dam
924 4185 1071 4238 editionibus
1081 4193 1171 4256 legitur
1186 4203 1258 4262 regie.
1290 4199 1379 4250 sedes

300 4237 358 4272 cum
375 4232 483 4289 auguriis
499 4245 674 4287 consecratum.
708 4237 766 4290 Vid.
782 4255 822 4291 sn-
856 4247 927 4293 lectio
946 4265 1019 4310 quem
1045 4257 1207 4311 Gronovianae
1229 4276 1377 4330 expressere,

300 4303 345 4350 pra
355 4293 372 4338 1.
385 4291 459 4341 Vlll.
472 4311 493 4344 e.
507 4300 546 4346 lt.
855 4313 924 4358 nobit
934 4318 1067 4380 elegantior
1078 4325 1183 4377 videtur.

333 4353 366 4403 ta
381 4356 437 4405 Rea
454 4363 480 4406 in
494 4363 599 4430 domum]
622 4370 718 4419 Gaudet
737 4375 821 4423 ttvtus
990 4419 994 4425 -
