3120 4984
470 214 566 275 arn
589 213 704 274 xnnr.
732 213 835 274 car.
861 213 932 282 v11.
1176 205 1228 282 10'1

145 377 314 464 templum
333 377 434 445 Urbis
449 377 565 444 Rornae
586 402 621 445 sa
642 377 750 444 fecisse
764 391 1104 461 commemoraverunt,
1119 381 1227 450 ludos·
1238 398 1266 447 u.
1279 401 1373 454 caea

144 487 215 566 que
229 465 466 568 annirersarios
482 466 510 530 ei
525 465 622 532 Divae
638 465 825 568 instituisse-t
844 477 882 568 et
897 465 1082 532 “coronam
1098 490 1223 536 auream
1234 465 1267 574 p
1277 469 1372 579 ⁰·'l¹⁹⁰·

101 573 105 586 ⁴
144 566 389 654 quinquaginta
407 552 527 639 pondo,
551 571 646 638 quam
675 575 709 617 m
734 551 894 638 Capitolio
914 567 1080 638 ponerent,
1103 554 1221 622 donum
1232 545 1366 646 Ussffffl

142 637 222 702 Jovi
239 653 365 725 optimo
387 640 538 716 maximo,
554 639 713 716 adtulisse,
731 651 763 702 et
785 652 873 704 scuta
894 641 1051 741 equestria
1065 653 1205 709 trecenta
1211 669 1220 722 3
1231 671 1288 707 rnae.

139 747 194 801 ea,
211 726 265 789 oui
283 726 459 812 jussissent,
483 725 666 791 tradituros.
710 726 843 791 Donum
866 737 903 789 ut
922 747 956 789 m
975 728 1142 813 ‘Capitolio
1163 753 1221 815 po·

138 833 233 888 nere,
259 823 291 876 et
316 811 494 878 sacrificare
513 812 631 891 liceret,
654 812 814 898 petebant.
857 811 972 877 ¹⁵Hoc
997 811 1219 900 Lampsaceni,

138 896 168 936 ²⁶
178 899 347 986 octoginta
362 900 470 984 pondo
485 920 634 964 coronam
651 898 836 975 adferentes,
852 899 1219 984 petebana'commemo·

138 987 263 1065 rantes,
280 987 465 1050 Discessisse
485 1007 518 1051 se
538 1008 560 1050 a
581 988 707 1063 Persea,
717 995 881 1069 postquam
897 986 1056 1051 Rmnanus
1069 993 1219 1057 sancitur

138 1071 175 1134 in
200 1071 424 1136 Macedoniarn
448 1075 586 1147 uenisset,
607 1093 696 1156 quum
720 1073 774 1136 sab
800 1073 928 1135 ditione¹
944 1074 1064 1147 Persei,
1091 1085 1122 1138 et
1144 1089 1219 1142 ante

135 1158 294 1240 Philippi
302 1159 452 1243 fuissent.
497 1160 566 1223 Pro
587 1181 631 1236 eo,
656 1167 686 1222 et
708 1160 790 1242 qnod
810 1159 1044 1240 imperatoribus
1064 1160 1218 1230 Romanis

135 1245 246 1307 omnia
256 1247 487 1326 praestitissent,
502 1246 578 1310 idae
587 1253 705 1309 tantrnn
716 1261 818 1319 orare,
830 1253 865 1307 nt
880 1245 913 1307 in
924 1247 1094 1310 amicitiam
1103 1253 1217 1332 papali

135 1330 282 1393 Romani
295 1331 524 1414 reciperentur.-
546 1341 585 1409 et,
601 1333 630 1395 si
638 1353 708 1414 par
721 1352 785 1395 crem
803 1332 1024 1413 Perreofieret,
1040 1335 1213 1417 eaesperen-

134 1423 203 1492 tur,
219 1415 294 1480 ¹⁷ne
309 1419 343 1480 in
364 1419 483 1502 regiam
499 1427 682 1502 potestatem
698 1419 917 1500 reciperentur.
962 1418 1082 1484 Ceteris
1103 1419 1215 1508 legatis

135 1501 278 1566 comiter
305 1524 509 1584 responsum3
542 1503 776 1588 Lampsacenos
799 1503 833 1565 in
859 1503 1017 1568 sociorum
1043 1503 1214 1574 formulam

133 1590 261 1652 referre
276 1588 320 1665 Q.
337 1588 479 1655 Maenius
500 1605 621 1675 praetor
638 1590 752 1676 jussus.
775 1611 909 1653 munera
931 1591 1080 1655 omnibus
1099 1596 1131 1657 in
1148 1595 1213 1659 sin·

134 1674 231 1762 gulos
246 1674 360 1740 binium
376 1675 511 1740 millium
530 1677 601 1740 raris
616 1676 699 1740 data.
738 1675 980 1740 Alabandenses
996 1690 1086 1742 scuta
1100 1701 1212 1765 repor-

134 1775 208 1825 tare
223 1761 264 1827 ad
286 1764 330 1826 A.
349 1760 525 1827 Hostilium
549 1763 709 1826 consulem
734 1762 766 1824 in
790 1760 1014 1826 Macedoniam
1032 1766 1122 1849 jussi.
1168 1766 1212 1832 Et

135 1869 179 1911 ex
202 1847 314 1912 Africa
335 1848 431 1935 legati
451 1848 582 1912 ”simul
605 1847 932 1935 Karthaginiensium,
951 1848 1083 1914 ”tritici
1104 1851 1209 1919 decies

136 1946 270 1999 centum
295 1935 393 1999 millia
408 1948 440 2000 et
453 1935 601 2000 ”hordei
617 1936 790 2024 quingenta
812 1935 988 1999 indicantes
1010 1958 1043 2001 se
1065 1937 1106 2002 ad
1123 1962 1211 2005 mare

135 2021 272 2086 devecta
288 2021 414 2098 habere,
432 2033 478 2100 ut,
495 2045 559 2108 quo
575 2035 700 2087 senatus
714 2020 893 2098 censuisset,
910 2021 1125 2107 deportarent.
1171 2029 1211 2091 ld

134 2129 244 2171 munus
271 2109 459 2194 rpiieiumque
483 2131 565 2172 suant
587 2112 666 2173 scire
685 2111 785 2172 minus
805 2129 877 2189 esse,
900 2130 989 2192 qaam
1005 2131 1069 2192 pro
1089 2114 1209 2178 meritis

127 2197 244 2276 popuii
258 2194 395 2257 Romani
408 2205 437 2258 et
452 2197 608 2259 uolnntate
620 2216 696 2259 stra:
714 2194 803 2258 ”sed
816 2215 897 2276 saepe
906 2197 997 2269 alias,
1011 2195 1096 2260 bonis
1111 2201 1145 2261 in
1159 2222 1209 2262 re-

106 2359 110 2366 ,
133 2281 187 2344 bus
202 2282 361 2364 rimasque
369 2283 490 2363 populi,
503 2303 534 2344 se
541 2283 903 2366 graiorumfideiissmqne
912 2279 1023 2343 seeirim
1035 2285 1208 2350 marteribus

105 2369 110 2384 ’
119 2369 256 2452 sanetas
271 2388 343 2431 esse.
378 2367 458 2430 Item
473 2361 652 2432 Masinissa
665 2364 769 2454 legati,
781 2365 878 2429 tritici
890 2364 1031 2428 eamdem
1047 2388 1206 2434 summam

18 2438 20 2487 l
132 2451 278 2538 polliciti,
296 2465 327 2517 et
341 2453 427 2518 mille
442 2465 473 2517 et
494 2453 647 2518 ducentos
669 2453 798 2539 equites,
814 2450 982 2514 duodecim
999 2450 1203 2538 elephantoss

132 2553 174 2616 et,
192 2539 220 2602 si
243 2538 320 2625 quid
344 2539 432 2603 aliud
454 2561 534 2624 opus
556 2552 645 2618 esset,
667 2541 735 2604 uti·
754 2539 925 2622 imperaret
947 2551 1089 2603 senatusr
1109 2561 1205 2627 vasque

131 2647 294 2712 propenso
308 2627 426 2706 animo,
442 2649 489 2692 ac*
501 2649 574 2713 quae
595 2627 663 2712 ipse
685 2625 769 2690 ultro
791 2624 950 2708 pollicitus
970 2627 1203 2711 sit‘praestatu-

131 2733 204 2776 rum
221 2735 296 2777 esse.
342 2713 465 2778 Gratiae
486 2726 517 2777 et
541 2710 861 2801 Karthaginiensibus
881 2720 915 2776 et
936 2713 1005 2800 regi
1026 2726 1126 2793 actae3
1149 2737 1203 2782 ro·

153 2800 271 2886 atique,
288 2811 323 2862 ut
338 2821 386 2876 ea,
403 2821 475 2885 quae
490 2799 725 2885 pollicerentur,
741 2799 781 2862 ad
800 2797 976 2863 Hostilium
991 2801 1152 2867 consulem
1167 2803 1202 2868 in

107 2947 109 2952 ,
131 2821 360 2950 blacedoniam
372 2884 586 2987 deportarent.
608 2887 735 2974 Legatis
746 2885 778 2948 in
791 2883 932 2972 singulos
941 2884 1054 2951 binilm
1066 2888 1201 2956 millium

130 2994 201 3035 rens
213 2994 349 3035 munera
360 2994 462 3036 missa.

171 3058 251 3123 Vll.
275 3057 475 3122 Cretensium
496 3060 618 3147 legatis,
635 3059 968 3135 commemorantibus,
983 3081 1027 3138 se,
1044 3073 1199 3147 quantum

128 3143 187 3208 sibi
207 3145 399 3230 imperatum
415 3169 434 3209 a
450 3146 485 3212 P.
505 3147 625 3210 Licinio
647 3145 776 3211 consule
798 3157 877 3210 esset
899 3147 1147 3232 sagittariorum,
1163 3150 1198 3215 in

544 3268 594 3314 ¹ni
605 3267 680 3315 Gron.
691 3265 762 3312 Cres.

155 3363 193 3412 '24
218 3365 333 3414 Coroniam
359 3379 454 3412 aarsam
475 3363 645 3426 quinquaginta
677 3361 931 3426 pauloplusitoeaa
966 3363 1060 3412 Hordei
1069 3367 1197 3427 quingenta

119 3428 209 3492 pondo]
223 3431 364 3478 Marcsrum
378 3427 524 3476 nostratium
542 3430 581 3476 78.
597 3444 643 3480 un-
676 3430 755 3542 {lippa
765 3425 885 3475 modium.
903 3427 1000 3476 Medios
1010 3437 1129 3477 manetes
1140 3434 1196 3494 plus

125 3494 202 3542 ciel.
252 3499 255 3506 ’
744 3494 781 3541 16.

158 3559 191 3606 25
206 3559 262 3606 Hoc
277 3557 440 3621 Lampsaceni]
458 3557 533 3604 Recte
549 3558 642 3606 Grono·
708 3559 741 3606 30
757 3555 851 3606 Hordei
873 3557 1013 3620 quingenta]
1048 3555 1194 3621 conjecturs

126 3623 196 3671 viuss
213 3624 268 3670 Hoc
278 3627 301 3669 et
312 3623 471 3684 Lampsaceni.
674 3622 773 3684 sigonii.
800 3621 879 3668 Vetus
891 3623 1016 3683 exemplar
1027 3623 1113 3671 habuit
1124 3627 1193 3686 qnin-

157 3687 189 3736 26
207 3688 332 3749 Octoginta
336 3687 424 3751 penda]
442 3687 581 3734 Maroneum
593 3687 640 3736 Pu·
672 3690 793 3748 quaginta.

124 3752 264 3800 fidendum
277 3752 334 3802 12⁵.
704 3753 733 3800 31
752 3751 798 3800 aet
807 3765 867 3812 rape
876 3751 948 3815 alins]
961 3751 1022 3800 Haec
1033 3765 1092 3800 sane
1102 3767 1191 3816 parum

155 3816 188 3864 27
205 3817 248 3864 Ne
269 3819 296 3862 in
316 3817 409 3877 regiam
429 3818 562 3874 patestatem
582 3817 639 3864 reei-
672 3819 795 3864 cohaerent
806 3831 864 3863 curn
874 3817 904 3864 iis
914 3831 968 3880 qua
976 3819 1124 3877 praecedunt.
1141 3818 1190 3865 Ta.

21 3885 22 3906 i
117 3882 243 3944 parentur]
268 3882 332 3942 lege
347 3894 405 3928 cum
418 3880 539 3928 Gronovio
555 3880 639 3927 recide·
671 3894 728 3928 rnen
740 3895 870 3942 possumus
882 3881 916 3928 ita
928 3883 1044 3942 accipere,
1052 3888 1080 3928 ut
1089 3884 1191 3932 Cartha·

124 3951 184 3993 rents
388 3951 391 3958 ’
670 3945 791 4006 ginienses
807 3947 966 3993 mediocritati
983 3955 1114 3994 munerum
1131 3961 1188 3996 suo·

22 4050 23 4071 ,
152 4011 185 4058 28
196 4009 286 4073 Sintai]
297 4009 425 4071 Superflua
432 4009 527 4066 vocula,
535 4009 574 4054 vel
583 4025 636 4070 quas
669 4022 725 4056 rum
736 4011 790 4057 ideo
800 4023 866 4056 nunc
877 4011 1051 4071 ignoscendum
1063 4020 1187 4070 censeant,

22 4077 23 4084 ’
119 4075 200 4134 potius
212 4075 302 4122 indicet
313 4075 423 4134 pluscula
434 4073 557 4121 excidisse.
578 4073 637 4120 For·
668 4075 806 4136 quodsape
815 4074 968 4134 alias,quum
977 4077 1047 4122 bonae
1059 4084 1186 4124 essentrsa

120 4141 204 4194 tanaim
228 4139 301 4200 iegati
316 4138 389 4185 rimni
405 4137 637 4198 Carthaginiensium
668 4137 795 4198 utriusque
816 4139 910 4198 populi,
933 4140 1041 4186 fidelium
1063 4143 1184 4190 sociorum

119 4206 142 4248 ei
156 4203 297 4250 Masinissa
312 4207 439 4250 venenat.-
457 4200 636 4262 earttagsnten-
668 4202 776 4248 officium
797 4203 900 4248 alacrius
921 4203 1089 4262 impleverint:
1118 4221 1185 4254 nunc

119 4267 192 4327 nam,
204 4268 280 4314 tritici
290 4271 334 4314 etr.
590 4313 598 4326 ,
668 4279 745 4325 quum
768 4265 864 4312 solliciti
884 4273 984 4326 agerent
1000 4269 1031 4314 ob
1049 4269 1192 4330 haerentem,

151 4332 183 4380 29
214 4331 303 4380 Tritici
329 4331 401 4379 ὀισίιι
429 4335 520 4378 centana
547 4329 635 4394 miliia]
666 4330 735 4376 lateri
751 4330 915 4385 Masinissam.
933 4329 995 4376 nihil
1011 4334 1116 4393 amplius
1132 4347 1184 4382 sese

117 4394 213 4457 Nempe
235 4395 358 4445 modium.
401 4395 497 4444 nouos
516 4400 635 4446 onustes
666 4407 736 4455 posse
748 4399 869 4454 prestare.

737 4466 799 4522 113
