3154 4984
300 235 359 291 aot
691 197 800 291 τιτι
830 227 967 320 civit

138 425 206 475 Μ,
218 425 274 473 305,
299 393 619 545 posimidaveheqrda
635 395 772 462 Romam
785 393 850 458 Cn.
866 393 1002 545 Octarsito
1023 393 1107 459 deta.
1153 394 1292 546 Paullllus,
1309 397 1364 461 be·

162 483 366 542 .c;1ot.··¹
503 481 668 497 ····
931 501 935 509 ·
1217 481 1272 506 ·’
1348 501 1386 536 .’

137 493 159 540 ³
300 502 397 632 itt
415 493 930 652 ..itttiittiti'tttt
949 501 1226 651 uffiiiiti
1241 503 1362 634 tit.

300 655 412 740 quinto
439 653 492 718 die
520 654 669 738 pervenit.
715 653 961 736 Praetergressus
983 652 1109 732 urbem,
1135 655 1176 720 ud
1201 655 1362 742 Spelaeum
1462 647 1468 664 '

304 739 403 826 (quod
416 742 544 820 vocant)
566 739 698 804 biduum
720 755 871 816 moratus,
895 739 934 804 P.
951 737 1108 817 Nasicam,
1134 752 1166 806 et
1190 741 1232 819 Q.
1256 741 1363 808 Maxi-

301 844 389 891 mum
405 825 505 890 lilium
520 847 592 891 cum
616 841 705 910 parte
718 826 882 912 copiarum
902 825 942 890 ad
963 826 1204 912 depopulandos
1226 826 1362 912 Illyrios,

300 914 355 999 qui
371 912 485 977 Persea
502 913 650 998 juverant
670 911 765 993 bello,
787 913 885 993 misit,
892 914 995 998 jussos
1017 915 1056 976 ad
1071 913 1203 985 Oricum
1224 915 1283 979 sibi
1305 914 1362 980 ob-

300 1021 444 1064 currere:
467 1002 543 1084 ipse,
560 998 694 1085 Epirum
718 1009 835 1084 petens,
851 998 1099 1085 quintisdecimis
1120 1001 1228 1066 cestria
1252 1001 1361 1066 Passa·

301 1107 411 1150 rocem
428 1085 580 1170 pervenit.
1360 1123 1364 1132 ·

137 1185 292 1246 Epiupreda
343 1171 511 1264 XXXIV.
535 1171 634 1236 Haud
662 1171 774 1257 procul
801 1171 876 1236 iude
902 1171 1008 1243 Anicii
1034 1183 1137 1238 castre
1159 1171 1298 1240 aberant
1322 1176 1361 1240 ad

138 1252 196 1297 ‘¹⁸²²
206 1263 272 1300 ⁰¹⁸¹·
300 1281 393 1345 quem
409 1259 510 1324 literis
529 1261 640 1337 missis,
656 1258 788 1343 nequid
810 1257 851 1323 ad
870 1281 918 1336 ea,
933 1281 1006 1344 quae
1028 1257 1149 1336 fierent,
1166 1275 1363 1346 moveretur3

299 1357 436 1412 senatum
445 1347 587 1428 predum
601 1347 700 1428 Epiri
712 1347 893 1425 ciuitatium,
909 1367 977 1429 qaue
991 1347 1034 1409 cd
1046 1349 1163 1411 Perseo
1177 1347 1364 1432 defieistmt,

300 1434 448 1498 exercitui
465 1434 591 1510 dedisse,
607 1431 766 1496 submissis
787 1431 1023 1496 centurionibus
1043 1435 1077 1496 in
1099 1432 1236 1520 singulas
1260 1434 1362 1512 urbes,
1451 1457 1455 1463 ’

301 1518 357 1602 qui
381 1541 414 1580 se
440 1517 581 1582 dicerent
606 1517 648 1581 ad
671 1517 819 1602 praesidia
842 1516 1029 1582 deducenda
1054 1519 1183 1596 venisse,
1209 1533 1246 1584 ut
1270 1520 1360 1587 liberi

300 1603 455 1688 Epirotae,
465 1605 552 1680 ‚sicut
575 1603 779 1680 Macedones,
801 1616 916 1683 essent,
930 1604 1028 1669 denos
1050 1605 1209 1690 principes
1235 1627 1276 1671 ex
1298 1610 1361 1672 siu·

253 1691 256 1698 ’
299 1690 382 1776 gulis
408 1690 549 1754 evocavit
574 1691 765 1754 civitatibus:
796 1689 922 1776 quibus,
945 1712 1042 1778 quum
1073 1693 1300 1772 denunciasset,
1327 1707 1363 1759 ut

300 1789 413 1844 aurum
428 1792 524 1862 atque
537 1789 702 1865 argeutum
724 1777 758 1839 iu
779 1776 942 1861 publicum
963 1777 1166 1863 proferretur,
1182 1799 1240 1863 per
1254 1801 1363 1846 omnes

300 1863 439 1930 civitates
453 1864 601 1927 cohortes
620 1863 748 1928 dimisit.
771 1875 846 1927 aute
867 1863 902 1927 in
924 1863 1098 1942 ulteriores,
1113 1885 1207 1951 quam
1230 1865 1263 1930 in
1287 1889 1363 1948 pro·

300 1950 416 2034 piures,
432 1949 573 2034 proiecti,
590 1964 625 2014 ut
646 1971 712 2013 uno
731 1949 782 2013 die
807 1949 840 2013 in
863 1969 973 2014 omnes
995 1951 1221 2038 perveniretur.
1266 1951 1363 2018 Edita

299 2037 435 2100 tribunis
449 2035 748 2126 centurionibusque
762 2048 863 2115 erant,
884 2054 946 2100 'uae
958 2051 1143 2125 agerenturt
1165 2058 1260 2104 mane
1269 2058 1364 2105 omne
1574 2029 1575 2100 i

299 2144 413 2188 aurum
436 2136 665 2209 argentumque
685 2057 963 2187 conlatumrirora
978 2137 1090 2209 quarta
1110 2125 1234 2210 signum
1257 2125 1298 2190 ad
1312 2126 1361 2190 di·

204 2277 205 2280 ,
300 2208 460 2294 ripiendae
485 2209 577 2274 urbes
598 2209 707 2274 datum
732 2220 781 2272 est
807 2208 974 2274 militibus:
996 2222 1146 2297 tantaque
1167 2211 1277 2296 praeda
1291 2211 1361 2294 fuit,
1574 2219 1575 2290 i

298 2306 335 2446 qt
349 2296 383 2360 in
402 2297 538 2384 equitem
554 2295 796 2396 6⁵quadringeni
818 2295 950 2444 deuarlili,
967 2297 1125 2398 peditibus
1146 2296 1259 2446 quecui
1282 2298 1361 2364 diri·
1574 2301 1575 2326 ²

298 2394 1147 2556 intimi*bttittttitztttiit.
1160 2404 1362 2537 ,iiiiii

298 2578 337 2621 ea
350 2555 437 2620 fuere
451 2555 571 2641 oppida
584 2553 669 2619 circa
682 2555 891 2644 septuaginta.
937 2555 1073 2646 vendita
1083 2556 1195 2642 praeda
1207 2557 1361 2637 omniurn,

299 2643 339 2706 de
366 2665 403 2706 ea
432 2663 555 2706 summa
584 2641 676 2705 militi
704 2655 903 2706 numeratum
937 2654 994 2708 est.
1040 2642 1169 2708 Paullus
1197 2643 1238 2708 ad
1275 2665 1362 2710 mure

217 2777 221 2786 ,
300 2727 435 2792 Oricum
450 2726 625 2810 descendit,
639 2749 850 2814 nequaquam,
866 2740 902 2791 ut
924 2742 1011 2793 retus
1032 2741 1109 2806 erat,
1125 2729 1259 2815 expietis
1279 2731 1360 2794 mili-

299 2825 367 2877 tum
382 2814 513 2879 animis:
535 2814 601 2900 qui,
618 2828 779 2900 tamquam
802 2813 924 2879 nullum
940 2815 971 2878 in
989 2815 1181 2884 Macedonia
1194 2816 1363 2902 gessissent

138 2911 275 2988 Paulinam
299 2899 429 2978 bellum,
452 2913 596 2984 expertes
619 2902 714 2984 regiae
736 2901 854 2985 praedae
880 2921 946 2965 esse
967 2902 1225 2989 indignabantur.
1269 2903 1361 2970 Orici

137 2977 291 3088 iffi?
299 2985 399 3073 quum
422 2987 532 3051 missas
550 3008 623 3051 cum
648 2987 797 3071 Scipione
812 2987 927 3052 Nasica
944 2987 1152 3075 Maximoque
1169 2990 1238 3053 filio
1252 2993 1361 3076 copias

133 3054 245 3154 betium
298 3073 476 3151 invenisset,
491 3074 632 3141 exercitu
647 3077 680 3138 in
694 3093 791 3138 nares
805 3073 954 3158 inposito,
969 3075 1001 3138 in
1018 3074 1143 3140 Italiam
1153 3077 1287 3162 trajecit.
1318 3075 1361 3143 Et

208 3205 213 3212 ·
297 3173 368 3245 post
383 3177 501 3245 paucos
522 3159 590 3226 dies
606 3160 748 3237 Anicius,
764 3173 923 3225 conventu
946 3160 1139 3248 reliquorum
1156 3162 1360 3249 Epirotarum

298 3249 567 3334 Acarnanumque
581 3261 663 3324 acto,
679 3246 837 3334 jussisque
856 3247 889 3312 in
904 3247 1028 3312 Italiam
1043 3249 1131 3335 sequi
1153 3249 1359 3336 principibus,
1419 3269 1422 3278 ¹

296 3341 433 3422 quorum
459 3334 671 3421 cognitionem
703 3355 823 3398 caussae
851 3347 1032 3412 reservarat,
1061 3348 1094 3399 et
1122 3335 1198 3420 ipse,
1227 3335 1360 3402 naribus

296 3423 493 3504 exspectatis,
521 3420 637 3506 quibus
670 3441 745 3486 usus
775 3419 1002 3486 Macedonicus
1033 3423 1190 3486 exercitus
1217 3436 1295 3509 erat,
1325 3424 1359 3488 in

298 3505 424 3572 Italiam
439 3507 568 3592 trajecit.
613 3507 724 3582 Quum
746 3505 816 3571 baec
832 3507 864 3570 in
881 3505 1073 3572 Macedonia
1088 3507 1250 3595 Epiroque
1269 3522 1364 3598 gesta-

296 3606 381 3673 sunt,
395 3593 499 3688 legati,
512 3594 567 3678 qui
581 3614 654 3658 cum
665 3592 773 3658 Attalo
783 3592 823 3657 ad
834 3592 1138 3659 finiendumbenum
1153 3595 1236 3660 inter
1247 3595 1360 3661 Gallos

295 3695 328 3745 et
354 3702 459 3766 regem
493 3679 668 3744 Eumenem
697 3680 781 3743 missi
810 3693 911 3760 erant,
936 3680 969 3744 in
996 3682 1105 3746 Asiam
1135 3695 1358 3768 pervenerunt.

295 3766 439 3831 luduciis
462 3788 520 3852 per
542 3766 676 3832 hiemem
700 3765 800 3842 iactis,
821 3779 853 3830 et
868 3767 952 3831 Galli
974 3765 1087 3831 domos
1101 3767 1310 3846 “abierautfl
1326 3781 1360 3834 et

294 3857 352 3918 rex
367 3853 401 3917 in
415 3853 549 3918 hiberna
564 3863 759 3918 concesserat
771 3851 974 3939 Pergamum,
985 3855 1139 3940 gravique
1149 3854 1262 3920 morbo
1273 3876 1360 3942 aeger

293 3938 404 4005 iuerat.
449 3939 546 4003 ⁶⁷Ver
561 3938 700 4024 primum
722 3961 763 4005 ex
782 3937 880 4004 domo
902 3941 1037 4007 exciritt
1054 3941 1186 4029 jamque
1206 3941 1359 4026 Synnada

722 4059 851 4108 ¹atterunt
861 4061 935 4134 Gron.
994 4125 998 4134 .

324 4159 358 4207 66
375 4159 538 4225 Quadriugem'
547 4162 650 4226 descrit]
668 4161 759 4210 Merca
770 4175 809 4208 ar·
841 4163 887 4209 bue
898 4163 987 4223 legitur
998 4161 1111 4210 abierunt.

292 4224 360 4284 genti
375 4232 493 4274 nostram
509 4241 561 4283 sex,
574 4227 688 4275 undeet
707 4227 809 4276 Dateut'.
873 4227 905 4274 67
926 4227 971 4273 Ver
989 4228 1095 4288 primam
1117 4239 1148 4274 ar
1159 4224 1236 4272 'doato
1258 4225 1358 4292 erdoti]

293 4288 385 4336 Marcae
395 4289 421 4338 3.
431 4293 503 4338 uncia
516 4293 537 4339 1.
841 4291 904 4339 Satis
925 4292 1070 4354 intelligitur
1090 4292 1144 4338 iraec
1162 4289 1210 4338 dici
1227 4292 1258 4339 de
1277 4291 1364 4341 Gallia.

324 4355 356 4402 66
371 4353 496 4418 nunant]
515 4357 554 4402 Sic
569 4360 630 4404 bene
639 4355 724 4417 'prima
735 4358 808 4404 editio
841 4357 890 4403 Res
905 4362 986 4403 tamen
1003 4357 1089 4403 clarior
1103 4363 1175 4417 esset,
1187 4355 1207 4401 si
1219 4364 1303 4404 ectum
1314 4369 1358 4403 uo-

291 4424 316 4465 et
328 4418 446 4482 Sigoniua
481 4421 511 4467 in
523 4422 681 4468 Gmuoviaais
698 4422 808 4470 editioni·
841 4433 897 4470 men
908 4420 996 4469 diserte
1008 4421 1192 4482 exprimeretur.
