3120 4984
334 167 389 240 tta
711 170 838 243 ⁴'I'ITI
868 171 1006 235 LIVII

170 371 200 421 u,
212 371 239 420 c.
250 370 307 420 ιιι
331 323 481 410 militaris
488 342 614 426 peritis,
630 349 659 404 et
682 360 738 404 rtur
751 337 859 416 ductis,
874 341 1018 404 monendi
1033 321 1235 424 'imperotores
1248 354 1335 410 sunt:
1356 331 1411 412 de-

169 437 240 486 M·
252 435 306 484 16&
332 433 406 496 inde
426 430 466 494 ab
487 429 546 506 Itis,
577 428 632 512 q'ui
653 428 805 490 intersunt
825 427 1114 509 gerendis*loco'¹¹‚
1131 430 1186 512 qui
1209 429 1333 513 hostem,
1357 437 1412 518 qai

238 1933 245 1946 ·
290 1959 302 1972 ,
371 1897 511 1964 XXIII.

331 529 498 601 tempormm
518 514 778 598 opportunitatem
799 513 914 588 uideat,
945 513 1000 597 qai
1031 515 1066 577 im
1095 518 1196 579 eodem
1218 520 1300 582 uelat
1320 523 1411 584 maui-

328 605 384 689 gio
397 603 569 686 participes
582 607 653 664 sant
675 599 816 682 perirati.
861 599 973 684 Itaque
995 600 1025 664 si
1048 602 1116 685 qais
1139 611 1192 678 est,
1219 607 1283 688 qui,
1299 609 1383 688 quod
1395 631 1413 671 e

331 690 489 772 republica
502 689 554 764 sit,
569 687 698 751 suadere
711 707 743 749 se
756 685 833 748 mitt
854 686 888 748 in
910 706 945 748 eo
966 685 1053 762 betto,
1077 690 1159 771 quod
1174 701 1315 773 gesturus
1334 714 1410 771 sum,

330 777 486 860 confidam
514 795 552 837 me
573 775 699 856 deneget
719 792 843 854 operam
864 771 1049 852 reipublice,
1075 784 1105 837 et
1126 776 1161 837 im
1189 775 1412 844 Macedoniam

330 883 442 926 mecum
462 862 578 926 veniat.
600 879 688 935 move,
710 879 796 942 equo,
818 857 1023 936 tadermacmto,
1061 862 1175 925 viatico
1207 865 1300 928 etium
1322 887 1344 928 a
1364 888 1412 929 me

318 947 496 1032 juvabitur.
542 946 580 1010 Si
593 966 678 1030 quem
693 946 729 1007 id
736 943 851 1027 facere
858 946 960 1028 piget,
976 954 1006 1008 et
1019 948 1113 1010 otiam
1127 949 1275 1013 arbonam
1290 953 1412 1018 militia

330 1034 486 1100 laboribus
506 1040 673 1116 praeoptat,
690 1035 807 1094 eterra
822 1051 861 1094 me
871 1031 1100 1114 gudamanerit.
1143 1036 1317 1101 Sermonum
1331 1042 1411 1103 sctis

331 1123 402 1205 ipso
410 1120 531 1204 prabet
543 1119 626 1184 urbs.
647 1118 863 1201 loquacitatem
878 1138 962 1180 smum
978 1120 1153 1183 contineat:
1176 1143 1231 1186 nos
1244 1129 1409 1189 castrensi-

330 1207 384 1272 bus
405 1207 542 1284 consitiis
561 1203 857 1286 contentosfotaros
878 1225 939 1266 esse
959 1206 1047 1269 sciat.
1092 1206 1143 1270 Ab
1167 1206 1227 1271 hac
1241 1211 1406 1288 concione,

331 1292 465 1369 Latinis,
489 1311 562 1380 qum
584 1288 688 1376 pridie
710 1286 873 1353 Kalendas
896 1289 1024 1373 Apriles
1045 1289 1182 1372 fuerunt,
1212 1293 1276 1358 ”in
1300 1311 1409 1364 monte

330 1379 485 1444 sacrificio
510 1378 571 1442 rite
596 1387 788 1461 perpetrato,
815 1375 961 1460 protinus
979 1377 1054 1441 inde
1065 1390 1096 1442 et
1111 1380 1222 1444 consul
1239 1395 1270 1444 et
1287 1397 1407 1465 praetor

331 1465 395 1531 Cn.
412 1464 566 1531 Octavius
580 1463 613 1526 in
638 1461 863 1526 Macedoniam
885 1462 1019 1546 profecti
1044 1477 1139 1530 sunt:
1173 1466 1343 1534 Traditum
1360 1487 1409 1536 est

328 1552 503 1629 memoriae,
526 1550 656 1636 majore,
687 1569 782 1634 quam
816 1546 919 1629 solita,
940 1548 1116 1637 frequentia
1147 1557 1407 1640 prosequentium

328 1641 490 1703 consulem
513 1636 726 1710 celebratum3
764 1656 801 1698 ac
831 1657 934 1720 prope
964 1652 1051 1701 certa
1081 1661 1137 1724 spe
1158 1641 1315 1706 ominatos
1336 1667 1407 1708 esse

327 1724 485 1802 homines,
500 1723 627 1787 ”finem
643 1745 710 1786 esse
732 1719 944 1786 Macedonico
965 1722 1061 1803 bello,
1076 1738 1299 1814 maturumque
1322 1731 1407 1796 redi-

327 1823 395 1876 tum
419 1833 491 1876 eum
515 1834 533 1875 e
555 1810 645 1897 regio
666 1805 832 1892 triumpho
851 1808 992 1874 consulis
1013 1809 1090 1876 fore.

533 1833 623 1962 itum
641 1895 711 1960 baec
726 1896 758 1957 in
776 1894 870 1958 Italia
884 1909 1050 1982 geruntur,
1069 1898 1212 1979 Perseus,
1228 1902 1314 1988 quod
1333 1904 1404 1988 jam

268 2030 276 2047 .
325 1983 511 2050 inchoatum
533 1983 694 2068 perticere,
717 1981 794 2068 quia
814 1981 946 2067 inpensa
967 1985 1111 2068 pecuniae
1144 1984 1288 2052 facienda
1323 2005 1404 2072 erat,

325 2093 391 2137 non
416 2071 589 2136 inducebat
614 2069 647 2132 in
669 2071 823 2145 animum,
852 2083 889 2132 nt
914 2069 1068 2134 Gentium
1092 2071 1275 2158 Illyriorum
1296 2097 1404 2163 regem

325 2159 385 2224 sibi
407 2158 612 2246 adjungerem
635 2155 706 2232 hoc,
736 2169 904 2239 postquam
934 2156 1066 2222 intrasse
1088 2158 1204 2224 saltum
1228 2160 1404 2242 Romanos,

324 2257 357 2310 et
384 2245 495 2311 adesse
516 2243 686 2309 discrImen
708 2239 854 2306 ultimum
877 2241 954 2305 beili
975 2244 1207 2324 animadvertit,
1230 2269 1294 2314 non
1320 2249 1405 2317 ultra

323 2331 536 2398 differendum
563 2342 669 2404 ratns3
693 2348 791 2415 quum
813 2349 872 2412 per
897 2328 1054 2414 Hippiam
1075 2330 1214 2420 legatum
1231 2333 1404 2404 ”trecenta

325 2420 450 2506 argenti
478 2417 598 2484 talenta
621 2429 733 2502 pactus
755 2426 845 2494 esset,
867 2413 912 2480 ita
934 2428 969 2480 ut
990 2416 1114 2482 obsides
1145 2419 1230 2485 ultro
1259 2422 1403 2510 citroque

322 2506 485 2584 darentur,
518 2502 740 2569 Pantauchum
764 2501 860 2578 misit,
891 2525 930 2568 ex
959 2502 1118 2568 fidissimis
1140 2507 1260 2585 amicis,
1291 2509 1332 2574 ad
1364 2533 1404 2577 ea

161 2591 527 2678 fflfflffltperficienda.
573 2589 736 2654 Medeone
768 2587 951 2653 Labeatidis
982 2603 1077 2656 terroe
1100 2593 1305 2660 Pantauchus
1334 2602 1405 2684 regi

160 2705 219 2740 eum
228 2693 293 2741 (ten-
323 2679 437 2766 Illyrio
457 2676 618 2743 obcurrit:
641 2675 686 2739 ibi
700 2687 732 2739 et
751 2675 973 2760 jusjurandum
999 2677 1041 2742 ab
1063 2700 1137 2768 rege
1151 2694 1182 2745 et
1203 2681 1328 2748 obsides
1349 2707 1405 2750 ac-

161 2757 203 2803 tio.

324 2767 419 2850 cepit.
443 2765 554 2829 missus
568 2774 633 2827 eta
650 2760 769 2826 Gentio
783 2774 830 2825 est
844 2760 978 2849 legatus,
992 2765 1121 2831 nomine
1152 2766 1195 2832 Ol
1220 2769 1316 2853 mpio‚
1343 2773 1401 2860 qui

321 2849 545 2939 jusjurandum
563 2871 582 2914 a
599 2847 717 2914 Perseo
739 2847 926 2936 obsidesque
949 2850 1103 2939 exigeret.
1147 2853 1174 2892 ¹⁶
1213 2877 1268 2921 um
1291 2859 1403 2924 eodem

741 3001 816 3049 araca
827 2987 902 3050 ama.
915 3004 985 3050 (ιιι.

356 3139 389 3191 23
405 3142 437 3189 In
458 3139 546 3206 mmte]
572 3139 675 3187 Albano.
720 3137 759 3186 lbi
776 3138 844 3186 enim
876 3140 914 3187 rto
931 3145 996 3196 ccam,
1015 3155 1056 3188 meo
1071 3143 1261 3190 mramomort
1276 3155 1341 3203 mom
1359 3158 1400 3193 re.

322 3205 466 3254 latinarum
491 3206 605 3253 tertarum
637 3217 734 3251 sacrum
760 3203 844 3264 peragi
875 3207 986 3253 ttctamm
999 3206 1120 3253 Romanis.
1153 3206 1400 3255 PormmtoetMor-
1468 3258 1473 3268 ,

322 3285 377 3319 mos
388 3279 449 3319 erat.
875 3271 1092 3323 moderamentum
1110 3270 1192 3334 qutbm
1203 3271 1398 3331 immantatum,

355 3335 487 3385 tdFtncm
512 3348 559 3383 cmc
594 3334 745 3382 Mamdomtco
775 3332 842 3395 toto]
875 3337 912 3382 uti
928 3333 1271 3400 jurejurando,odridtbmqac‚
1289 3341 1312 3384 et
1325 3352 1399 3398 pcae-

322 3399 562 3463 Legeflnemodosrc.
585 3399 624 3447 stc
635 3400 653 3447 i.
670 3399 704 3446 11.
716 3412 738 3445 c.
756 3397 779 3446 9.
791 3396 843 3444 Aa·
875 3402 917 3447 mia
928 3405 1030 3462 accepta,
1042 3404 1093 3447 tum
1107 3399 1198 3447 domm
1217 3399 1327 3447 Romam
1338 3415 1399 3463 pro.

320 3466 445 3526 emstmm
460 3467 548 3526 regate.
702 3501 703 3506 ,
866 3467 1035 3528 Μεσσαπίων.
1072 3465 1217 3512 Vententtbm
1232 3464 1338 3524 Ittprtr‘e,
1350 3473 1399 3520 eto.

354 3529 386 3578 25
405 3529 515 3577 Trecenta
525 3529 618 3591 argenti
635 3529 735 3592 taleam]
774 3527 843 3574 Mar·
875 3531 950 3577 Hune
972 3530 1083 3577 ardiaem
1099 3534 1128 3576 ut
1148 3531 1247 3590 vulgato
1263 3537 1399 3592 antepone.

320 3607 362 3642 ces
374 3594 469 3653 argenti
480 3601 600 3640 nostrates
612 3591 699 3640 28125.
874 3607 930 3640 mur
952 3595 1001 3640 duo
1018 3594 1138 3641 suadent:
1155 3595 1349 3655 primum,quod
1368 3597 1395 3643 in

353 3659 384 3706 26
403 3656 595 3706 Comeodemud
605 3651 741 3720 peroratam]
778 3657 841 3708 Huc
873 3657 1022 3705 hisdaorum
1031 3658 1103 3704 mmm
1117 3661 1396 3719 regum‚etc.videmur

319 3723 355 3771 sic
364 3723 511 3782 intentgeex
523 3723 608 3783 Polyb.
619 3721 707 3781 Legat.
718 3719 760 3769 85.
778 3721 842 3768 Cum
873 3735 1003 3784 agnoeoere
1015 3724 1088 3770 verba
1099 3723 1233 3770 Pantaucbi
1246 3725 1398 3784 impellentis

319 3789 406 3836 eodem
417 3787 486 3834 misai
496 3793 555 3833 runt
565 3786 617 3844 alii,
627 3786 670 3846 qui
686 3786 842 3845 pecuniam
873 3788 991 3834 Gentirm
1008 3789 1040 3834 ad
1058 3787 1191 3836 mittendos
1202 3787 1318 3836 Rhodum
1329 3790 1397 3851 laga.

320 3852 408 3898 Perseo
427 3852 572 3912 temperem,
585 3851 636 3904 alii,
648 3851 765 3897 suadente
777 3849 841 3896 Pan·
873 3858 920 3907 tos,
925 3849 1090 3914 jactantisque
1097 3853 1227 3899 commoda
1236 3867 1267 3900 ex
1278 3854 1396 3902 societate

319 3918 418 3971 tancho,
429 3916 472 3975 qui
485 3915 601 3962 Rhodum
617 3914 692 3975 legati
708 3927 767 3962 eum
784 3915 841 3960 Ma·
872 3929 929 3964 eum
941 3916 1043 3963 Rhodiis
1054 3922 1165 3964 ventura.
1182 3917 1305 3973 Alterum,
1317 3921 1394 3978 quod,

318 3981 451 4028 cedonibua
467 3981 539 4027 irent.
572 3980 634 4034 Quae
654 3986 789 4038 sequuntur
806 3980 841 4027 sic
872 3981 1049 4042 utnaecvutgo
1067 3982 1185 4029 eollooma
1203 3989 1270 4038 sunt,
1288 3985 1394 4032 verbum

319 4046 557 4103 struimus,mutato
574 4050 672 4090 tantum
691 4045 786 4102 ordine,
802 4045 839 4090 in·
871 4045 1018 4092 destinantur
1027 4047 1161 4102 rodrudum
1185 4047 1395 4108 inordIneqnem

317 4111 390 4156 tactis
401 4110 460 4169 ipsm
471 4109 620 4155 vocibus...
633 4119 686 4154 cum
702 4107 840 4156 Macedoni-
872 4111 1001 4166 summus,
1019 4111 1085 4157 idem
1108 4111 1209 4158 omnino
1226 4113 1393 4160 necesarium

317 4173 359 4220 oue
379 4175 459 4220 trent:
482 4173 582 4220 duorum
602 4171 675 4218 rtmcd
695 4185 778 4233 regum
799 4187 839 4218 no-
871 4181 916 4220 est.
950 4175 998 4222 Sed
1008 4175 1186 4223 dubitationem
1198 4189 1296 4223 omnem
1305 4177 1395 4224 eximit

316 4239 380 4285 mimo
400 4239 500 4284 incitam·
521 4237 625 4284 Rhodios
644 4236 675 4282 od
695 4237 778 4284 mamm
790 4237 840 4284 Ro·
870 4237 997 4300 Polybius,
1005 4240 1048 4299 qui
1055 4236 1165 4302 looojam
1173 4241 1312 4288 alletoeum
1320 4242 1394 4302 pleae

316 4315 413 4349 monam
428 4315 502 4362 posse.
543 4299 687 4362 Adjunctom
708 4302 837 4358 civitatem,
870 4303 980 4350 oedipum
997 4309 1250 4366 representatquem
1270 4306 1395 4352 hierestt·

312 4379 464 4428 pmespuum
482 4379 553 4413 ernam
573 4369 623 4410 tum
639 4367 677 4411 ret
687 4366 838 4425 mariagio·
869 4372 953 4416 tutum
968 4369 1091 4417 volumus.
1128 4369 1161 4416 Et
1183 4370 1242 4418 bine
1260 4371 1394 4419 auctoritas
