3042 4980
325 218 429 296 lxxvi
705 209 1048 292 PRAEFATIO.

374 415 450 495 Sed
466 415 657 517 preterire
681 413 760 492 uon
779 437 938 514 possum
964 416 1086 493 virum
1111 418 1284 494 omnibus
1297 419 1412 494 vironis

324 532 522 630 doctisque
538 531 714 620 flebilem,
732 531 854 621 nobis,
874 534 967 608 dum
985 544 1193 611 extremam
1212 533 1300 610 huie
1316 536 1413 633 operi

160 681 309 732 mumma
323 671 477 724 manum
506 648 815 740 admovebamus,
835 651 1009 726 luctuosa
1028 661 1148 726 morte
1163 662 1343 750 ereptum,
1361 650 1414 727 M.

160 748 265 798 Hm
323 769 513 843 Joannam
545 761 705 854 Heuzet,
735 766 961 856 eruditione,
981 766 1202 866 diligentia,
1233 767 1416 842 indefessa

321 885 362 960 in
380 883 593 960 scrutandis
609 893 649 958 et
664 884 714 958 ad
732 883 920 982 liquidum
946 883 1207 982 perducendis
1222 883 1339 957 rebus
1355 905 1415 978 pa-

321 1001 454 1076 tientia
478 1001 784 1076 memorabilem:
811 1000 876 1098 qui
901 998 1058 1098 quidem
1083 1007 1217 1075 nostra
1242 996 1416 1096 pradica-

320 1117 424 1192 tione
441 1141 518 1190 non
544 1116 701 1213 indiget,
720 1141 838 1215 quum
865 1138 944 1190 suae
957 1137 1056 1189 ‘oum
1084 1115 1216 1190 litterae
1244 1124 1281 1188 et
1308 1133 1414 1186 aurea

224 1289 227 1296 λ
321 1232 517 1331 opuscula,
549 1231 725 1306 nimirum
760 1233 910 1308 selectae
936 1255 983 1306 ex
1014 1231 1412 1321 reteri-Testamenta,

320 1359 398 1424 tum
426 1373 475 1424 ex
500 1345 665 1445 profanis
691 1348 934 1448 scriptoribus
960 1347 1136 1434 historias,
1161 1358 1201 1421 et
1226 1343 1356 1420 breues
1379 1340 1414 1413 in
1490 1427 1491 1434 ἵ

262 1463 264 1472 '
321 1463 493 1540 Curtium
527 1462 825 1562 ,Sallustiumque
857 1463 1008 1550 notulae,
1049 1463 1201 1538 abunde
1231 1479 1412 1536 comman-

320 1581 427 1655 dent.
479 1577 541 1653 Ex
559 1580 616 1656 his
635 1579 717 1676 ejus
742 1579 902 1678 scriptis,
922 1603 1007 1680 quae
1024 1577 1185 1655 minime
1198 1573 1410 1652 ambitiosus

318 1697 506 1772 doctrinae
525 1708 736 1773 ostentator
752 1697 930 1772 studiosae
951 1693 1162 1791 juventutis
1184 1688 1339 1768 ‘utilitati
1356 1686 1415 1759 da

321 1823 485 1897 voverat,
500 1825 632 1888 notum
650 1813 721 1887 erit
738 1812 912 1888 omnibus
926 1836 1003 1911 qua
1019 1811 1084 1886 ille
1101 1805 1335 1911 antiquitatis
1351 1823 1413 1877 no·

317 1929 413 2018 titia,
440 1955 554 2028 quam
581 1928 656 2005 acri
682 1939 720 2003 et
744 1928 877 2003 limato
898 1926 1062 2025 judicio,
1088 1951 1207 2027 quam
1232 1918 1357 2001 solerti
1379 1915 1413 1990 in

319 2045 433 2119 rebus
448 2047 581 2120 ordine
599 2046 846 2144 disponendis
872 2041 1075 2144 prudentia
1099 2041 1282 2142 praeditus
1299 2029 1411 2113 fuerit.

321 2157 458 2247 Nobis,
477 2160 613 2259 quibus
639 2155 861 2237 suavissimo
878 2160 978 2236 illius
1005 2158 1182 2235 convictu
1201 2156 1274 2233 nui
1292 2154 1413 2226 darum

320 2285 392 2364 est,
419 2275 532 2350 etiam
558 2286 779 2376 perspectus
814 2275 886 2352 luit
914 2299 1060 2352 morum
1092 2276 1176 2372 ejus
1206 2270 1356 2351 candor,
1381 2268 1439 2335 el·
1490 2313 1491 2356 1

318 2391 440 2491 digna
473 2391 680 2468 litterarum
710 2393 944 2491 ingenuitate
978 2390 1214 2491 simplicitas,
1239 2397 1283 2462 ¹et
1310 2373 1413 2455 nullis
1490 2427 1491 2484 3

176 2598 184 2604 ,
239 2573 247 2588 ,
318 2533 487 2609 unquam
505 2509 761 2586 interturbatae
778 2507 974 2586 nubeculis
997 2505 1132 2581 frontis
1159 2501 1349 2598 animique
1362 2513 1414 2565 se·

318 2625 473 2712 renitere,
491 2636 529 2700 et
554 2624 593 2712 in
617 2649 756 2722 magna
781 2623 965 2723 gravitate
991 2624 1077 2698 vitae
1103 2623 1267 2699 comitas
1287 2617 1413 2711 jucun-
1490 2639 1491 2642 ’

313 2739 489 2828 dissime,
503 2749 542 2814 et
559 2740 785 2817 obviaretis
799 2741 1006 2816 amicorum
1020 2739 1221 2827 sedulitas,
1234 2745 1275 2811 et
1292 2742 1413 2806 omn&s

314 2854 489 2953 -deniqus
511 2855 665 2930 virtutes
698 2881 783 2955 quaa
818 2856 967 2932 animos
1001 2856 1197 2930 hominum
1233 2837 1411 2926 devincire
1490 2847 1491 2858 ¹

320 2979 495 3070 possunt,
515 2971 665 3047 sincera
681 2973 722 3048 in
739 2970 871 3049 De'urn
883 2971 1025 3073 pietate
1043 2959 1306 3047 consecrata(
1354 3011 1357 3018 ·
1403 3063 1409 3077 Ι
1490 2979 1491 3044 J

371 3086 446 3162 Sed
467 3087 619 3186 longius
637 3113 710 3165 nos
728 3088 890 3188 abripuit
908 3089 1045 3164 acerba
1062 3086 1190 3162 amissi
1207 3081 1294 3162 talis
1311 3067 1413 3149 amlffl
1490 3089 1491 3094 ’

319 3204 549 3284 recordatio.
599 3205 688 3280 Jam
706 3207 756 3280 ad
782 3205 1020 3305 propositum
1046 3214 1286 3289 revertamur,
1305 3199 1342 3264 et
1366 3178 1412 3256 ad
1490 3201 1491 3210 ¹

318 3318 406 3394 illos
424 3321 622 3396 doctorum
648 3321 845 3396 hominum
864 3329 1087 3407 conventus,
1106 3343 1204 3418 quos
1230 3306 1335 3412 apud
1357 3317 1413 3373 me

319 3434 473 3510 habitos
499 3461 584 3511 esse
609 3437 825 3514 memoravi.
876 3436 937 3511 Ibi
962 3444 1065 3511 totus
1091 3443 1233 3510 attente
1259 3420 1411 3516 diligen·
1490 3481 1491 3486 ,

320 3559 451 3650 terque
468 3550 598 3626 Livius
620 3554 811 3652 perlectus
829 3563 899 3641 est,
919 3563 959 3628 et
983 3553 1035 3626 de
1058 3550 1105 3626 iis
1131 3547 1311 3626 omnibus
1334 3547 1412 3629 C1¹¹²&
1476 3573 1480 3586 ·

319 3666 492 3742 difficilia
517 3671 778 3759 occurrebant,
804 3670 899 3745 itum
924 3669 965 3742 in
990 3666 1212 3744 consilium:
1241 3657 1295 3734 ibi
1320 3651 1413 3724 ιιοῑθΒ

170 3770 177 3782 ’
319 3809 415 3884 quas
432 3807 504 3882 ago
516 3786 846 3875 concinnaveram,
857 3787 912 3862 ita
928 3785 1063 3862 sedulo
1080 3803 1271 3882 expensa,
1282 3774 1412 3845 remc'

320 3908 421 3987 tatae,
449 3903 672 3990 emendatae,
704 3901 885 4002 expolitae
910 3911 1013 3990 sunt,
1040 3912 1085 3977 ut
1109 3925 1175 3976 eas
1200 3885 1413 4005 consensui

322 4014 490 4091 omnium
500 4039 578 4092 non
589 4019 774 4117 probasse
787 4016 947 4116 scriptas
961 4017 1215 4116 magisquam
1226 3999 1414 4103 Scripsisse
1490 4005 1491 4030 ¹

320 4131 522 4210 videretur.
574 4132 677 4218 Quid
696 4133 736 4208 in
762 4133 815 4209 ais
842 4133 978 4223 intuiti,
996 4133 1090 4233 quid
1115 4127 1264 4208 efficere
1290 4100 1414 4187 consil

321 4246 512 4336 fuerimus,
534 4250 666 4326 lectori
679 4251 761 4346 jam
778 4251 967 4364 sigillatim
986 4251 1171 4326 dabamus
1190 4233 1388 4340 exponen·
