3120 4984
447 173 541 234 LlB.
563 175 666 234 XLli.
694 165 755 234 c'A
765 175 796 234 P.
818 175 901 234 LXI.
1178 179 1216 240 87

139 336 205 414 aeti,
235 351 310 404 ante
334 336 413 404 alios
440 339 605 406 Thracum
635 340 775 404 insolens
800 339 910 406 laetitia
939 336 1116 410 eminebat:
1140 357 1212 401 cum
1223 350 1360 410 tuctur.

139 438 239 490 cantu
259 426 344 491 enim
359 425 383 462 ¹¹
393 427 554 510 superfixa
576 427 682 510 capita
700 425 840 492 hostium
863 435 1027 510 portantes
1042 421 1254 494 redierunt&
1265 417 1292 465 ⁰·
1306 417 1360 467 ¹⁷¹·

140 511 241 594 spuo
261 512 504 580 Romanosnon
528 513 677 580 moestitia
692 525 816 578 tantum
831 533 872 577 ex
890 511 973 594 mule
993 522 1088 600 gesta
1099 533 1144 588 re,
1160 509 1215 576 scd

138 618 242 682 pavor
270 599 367 663 etiam
388 612 466 677 erat,
484 621 524 664 ne
545 599 706 686 extempio
728 614 830 664 castra
852 597 1214 688 hostisadgrederetur.

138 683 303 751 Eumenes
327 687 467 764 suadere,
491 699 527 751 ut
550 699 637 753 trans
662 687 805 756 Peneum
828 675 1016 758 transferret
1037 699 1156 760 castra3
1179 693 1277 748 utcoa
1289 699 1358 740 tran·

137 791 199 854 pro
223 773 425 838 munimento
446 793 571 838 amnem
595 773 736 849 haberet,
751 772 830 837 dum
855 771 994 857 perculsi
1015 772 1132 836 milites
1146 772 1214 834 ani·
1223 757 1245 804 1²
1244 771 1333 834 ΜΨ

136 879 207 922 mos
234 859 431 946 colligerent.
478 858 602 925 Consul
626 860 750 926 moveri
777 859 900 947 flagitio
926 859 1048 922 timoris
1073 829 1345 934 fatenditffim

136 944 242 1010 victus
265 959 371 1016 tamen
393 945 527 1025 ratione,
543 946 668 1014 silentio
690 946 791 1019 noctis
813 944 1006 1010 transductis
1020 945 1131 1030 copiis,
1148 967 1240 1009 cas·.

136 1044 187 1096 tra
203 1033 238 1096 in
255 1032 408 1098 ulteriore
421 1033 492 1118 ripn
513 1034 702 1099 communit.
748 1033 829 1110 Rex,
845 1046 974 1118 postero
987 1031 1040 1098 die
1053 1031 1095 1098 ad
1116 1030 1215 1100 laces·

137 1116 258 1184 seudos
275 1119 394 1204 proelio'
405 1119 510 1184 hostes
524 1141 585 1205 pro
609 1143 720 1197 tessus,
734 1131 903 1205 postquam
918 1133 1007 1184 trans
1029 1140 1156 1182 amnem
1180 1119 1214 1183 in

135 1216 206 1270 tuto
223 1207 330 1291 posita
350 1217 453 1270 castra
467 1143 703 1285 animaduertit,
717 1205 882 1276 fatebatur,
892 1206 1019 1288 quidem
1035 1219 1214 1290 peccatum,

135 1292 225 1377 quod
253 1293 357 1376 pridie
383 1314 448 1360 non
473 1293 636 1359 institisset
657 1295 767 1370 rictis3
791 1293 845 1358 sed
872 1293 1035 1379 aliquanto
1061 1293 1215 1377 majorem

135 1378 267 1464 culpam
290 1402 368 1459 esse,
383 1378 470 1466 quod
484 1394 579 1446 nocte
602 1379 684 1444 foret
707 1395 873 1446 cessatum.
897 1401 982 1455 nam,
996 1391 1034 1443 nt
1053 1378 1213 1444 neminem

134 1464 234 1530 alium
254 1487 388 1530 suorum
403 1481 553 1544 moveret,
568 1466 630 1530 levi
645 1482 808 1532 armatura
829 1467 969 1543 inmissa,
985 1464 1215 1551 trepidantium

136 1552 168 1615 in
192 1554 331 1617 transitu
353 1553 492 1618 fluminis
516 1553 654 1620 hostium
672 1553 771 1618 deleri
793 1576 909 1640 magna
931 1575 972 1618 ex
994 1563 1086 1637 parte
1107 1552 1215 1637 copias

134 1641 288 1722 potuisse.
335 1639 491 1705 Romanis
512 1641 639 1726 quidem
663 1662 802 1725 praesens
824 1658 923 1727 pavor
937 1639 1064 1706 demtus
1085 1655 1163 1716 erat,
1179 1641 1214 1704 in

137 1738 214 1800 tuto,
226 1739 338 1792 castra
359 1725 567 1792 habentibus:
590 1727 743 1792 damnum
761 1728 845 1792 inter
859 1740 964 1792 cetera
986 1726 1147 1812 proecipue
1167 1725 1214 1790 fa·

136 1834 197 1877 mre
220 1813 382 1879 movebat.
405 1827 438 1878 et
451 1813 486 1877 in
508 1813 640 1878 consilio
662 1813 748 1897 apud
770 1815 932 1882 consulem
955 1835 1016 1898 pro
1031 1835 1064 1876 se
1079 1815 1214 1900 quisque

133 1899 169 1970 in
179 1899 312 1966 AEtolos
327 1899 532 1966 conferebant
546 1922 707 1976 caussam
723 1900 762 1964 ab
777 1903 819 1966 iis
820 1902 914 1987 fisgae
925 1902 1111 1986 terrorisque
1118 1902 1214 1982 prin·

135 1989 252 2068 cipiunt
279 1998 388 2052 ortum.
414 1998 527 2052 secutos
550 2008 699 2072 pauorem
721 1989 897 2054 AEtolorum
923 1998 953 2053 et
980 1997 1094 2052 ceteros
1118 1989 1216 2050 socios

139 2072 321 2141 Graecorum
330 2076 526 2157 pannorum.
572 2074 725 2160 Quinque
739 2075 898 2159 principes
913 2075 1100 2142 AEtolorum
1110 2072 1214 2158 ,primi

138 2172 167 2224 te
230 2174 401 2232 ¹vertentes
417 2161 583 2246 conspecti
597 2161 797 2226 dicebantur.
841 2161 988 2228 Thessali
1009 2181 1070 2246 pro
1086 2161 1213 2227 concio·

137 2267 176 2312 ne
201 2248 327 2324 sudati,
342 2246 505 2334 ducesque
518 2269 630 2312 eorum
646 2249 738 2312 etiarn
754 2248 879 2312 virtutis
894 2270 1003 2315 caussa
1016 2246 1135 2311 donati.

179 2335 282 2402 LXI.
304 2332 357 2400 Ad
382 2357 490 2420 regem
510 2333 612 2418 spolia
637 2355 791 2398 tresorum
817 2333 955 2398 hostiurn
981 2331 1324 2399 referebanturremus

137 2419 219 2488 dona
235 2445 279 2486 ex
297 2421 356 2498 his,
372 2421 442 2486 aliis
455 2443 547 2486 arma
561 2420 708 2507 insignia,
725 2421 794 2484 aliis
808 2442 915 2506 equos,
932 2418 1120 2505 quibusdam
1137 2409 1367 2504 „appenninum

138 2509 214 2574 tivos
231 2508 322 2574 dono
336 2509 444 2574 dabat.
467 2521 557 2574 scuta
578 2519 669 2572 erant
686 2529 783 2592 supra
805 2507 890 2573 mille
905 2507 980 2593 quin
1006 2513 1113 2582 enta‘3
1136 2503 1212 2572 lori·

139 2615 183 2660 coe
197 2598 410 2682 thoracesque
424 2594 546 2661 1²mille
560 2593 697 2680 amplius
718 2614 873 2658 summum
894 2529 1083 2679 euspicium
1107 2591 1213 2673 gdec-

139 2702 209 2748 rum
225 2683 473 2769 gladiorumque
482 2696 514 2748 et
526 2680 691 2746 missilium
703 2683 806 2746 omnis
820 2683 945 2766 generis
958 2683 1057 2768 major
1067 2678 1213 2764 aliqnan-

139 2779 350 2836 innumerus.
385 2767 481 2848 Haec,
498 2791 555 2854 per
570 2791 603 2834 se
616 2768 737 2854 ampla,
750 2768 901 2856 pleraque
918 2768 1128 2852 multiplicata
1142 2790 1213 2832 ver-

139 2855 185 2920 bis
199 2857 298 2944 regis‚
312 2879 385 2943 quae
400 2855 440 2920 ad
456 2856 641 2922 concionem
658 2870 771 2921 vocato
793 2857 935 2922 exercitu
954 2855 1076 2922 habuit.
1120 2858 1213 2922 Peer-

131 2940 304 3023 judt'catum
319 2953 455 3008 euerttunt
475 2943 549 3008 belli
570 2944 698 3008 habetis.
743 2943 907 3008 Meliorem
926 2955 1051 3026 partem
1072 2947 1214 3020 hostium,

140 3034 306 3113 equitatum
322 3032 505 3106 Romanum,
522 3052 580 3113 quo
602 3031 731 3094 inuictos
744 3052 776 3092 se
790 3053 852 3094 esse
869 3031 1215 3119 gloriabuntur,futiis·
1318 3085 1320 3090 .
1405 3071 1411 3084 ,

141 3119 189 3182 tis.
210 3121 344 3202 Equites
358 3119 436 3182 euim
453 3119 518 3181 iltis
527 3116 685 3198 principes
688 3115 872 3199 jrtventutis,
888 3119 1004 3200 equites
1017 3121 1214 3184 seminarium

140 3215 282 3270 renatus:
304 3206 377 3268 inde
394 3205 486 3268 lectos
501 3205 535 3266 iu
549 3203 682 3267 Petrum
701 3223 855 3272 numerum
869 3206 1013 3281 consules,
1030 3207 1103 3270 inde
1118 3209 1213 3290 impe-

142 3301 260 3356 ratores
280 3300 397 3354 creant.
418 3291 526 3354 iorum
546 3289 648 3371 spolia
666 3290 776 3370 paullo
790 3299 863 3352 unte
877 3291 1035 3356 divisimus
1056 3294 1140 3358 inter
1154 3315 1213 3358 uos.

144 3374 206 3440 Nec
227 3379 374 3442 minorem
395 3379 433 3441 tle
451 3375 624 3461 legionibus
639 3377 779 3457 peditum
799 3377 959 3440 victoriam
981 3377 1110 3444 habetis.
1134 3402 1213 3464 quae,

142 3464 382 3548 noeturuufuga
396 3462 479 3527 vobis
493 3462 665 3538 subtracta,
680 3461 903 3547 nutq‘ragorum
917 3465 1129 3544 trepidatione
1136 3488 1214 3549 pas-

142 3549 195 3612 sim
220 3551 395 3613 nutantium
410 3549 533 3637 flumen
555 3548 784 3632 compleverunt.
829 3549 890 3632 Sed
901 3549 1038 3634 facilius
1060 3551 1147 3616 nobis
1167 3575 1214 3616 se·

143 3637 300 3716 quentibus
314 3638 407 3700 victos
416 3639 549 3700 Peneum
564 3655 709 3716 superare
722 3637 792 3710 erit,
803 3657 892 3720 quam
908 3637 973 3699 illis
987 3639 1215 3718 trepidantibus

133 3721 222 3801 suit,·
240 3725 483 3807 transgressique
497 3723 646 3804 cntempla
659 3732 763 3786 castra
778 3723 1026 3806 obpugucbimus‚
1043 3745 1111 3808 quer
1123 3725 1216 3789 hodie

144 3811 326 3892 cepissemus,
343 3810 549 3894 nifugisseut.
580 3811 652 3884 Aut,
665 3810 694 3872 si
708 3812 776 3873 acie
786 3812 946 3873 decernere
960 3811 1069 3888 nolent,
1083 3813 1215 3876 eumdem

566 3969 578 3996 θ
589 3965 706 4028 quingena
716 3966 790 4012 Gron.

180 4116 208 4166 ll
225 4116 352 4180 superfice
372 4113 581 4178 eaffitalvidetur
598 4116 663 4162 exei·
695 4115 779 4174 reponi
795 4115 923 4162 munum-
957 4115 1056 4173 0ptime
1075 4114 1142 4160 enim
1161 4126 1218 4173 pro·

149 4177 210 4229 ditae
235 4185 318 4238 numu,
338 4187 381 4226 aut
406 4181 472 4228 aliud
496 4180 538 4226 teli
566 4192 663 4226 nomen.
695 4182 779 4227 cedere
807 4179 903 4226 videtur
927 4180 980 4226 haec
1006 4179 1099 4229 oratio:
1124 4179 1218 4225 Loricae

149 4241 321 4295 Gnouorrus.
694 4245 855 4304 ‚moracesque
871 4246 1005 4310 explebant
1018 4257 1142 4292 summam
1155 4243 1219 4292 mille

181 4309 210 4358 12
227 4313 300 4358 Mille
325 4310 425 4371 entplius
452 4305 591 4370 summunt}
608 4307 665 4354 Non
698 4310 825 4355 thoracum
836 4310 1023 4369 immersumque,
1035 4315 1060 4355 et
1071 4311 1185 4369 amplius.

149 4369 315 4438 intelligimus,
336 4389 380 4422 cur
402 4373 538 4422 Gronovius
563 4373 666 4420 voluerit
1154 4391 1161 4398 ·

751 4445 808 4499 cl
