3056 4976
432 177 526 236 ΗΒ.
546 173 647 236 XLII.
675 177 728 235 ct
739 175 771 234 P.
793 175 870 234 111..
1131 179 1184 240 87=

108 355 140 410 et
155 341 325 419 silentium,
342 338 435 405 nimis
450 353 506 406 aut
520 339 706 416 modestum,
718 351 772 403 aut
786 337 942 416 timidum,
957 338 1167 404 Praenestino·
1178 353 1206 399 u.
1219 353 1246 400 c.
1257 358 1312 403 sto.

107 451 179 494 rum
190 429 255 514 jus,
272 427 358 492 velut
371 426 507 510 probato
528 425 685 511 exemplo,
701 424 934 513 magistratibus
949 424 1023 492 fecit
1041 426 1166 514 gravio·
1176 419 1206 464 Α·
1217 421 1246 466 ⁰·
1259 424 1313 469 ¹⁷³·

108 536 180 580 ram
195 515 229 578 in
244 513 311 578 dies
326 511 396 578 talis
409 513 533 599 generis
547 511 762 596 imperiorum.

153 599 199 666 ΙΙ.
224 598 387 684 Principio
402 599 492 684 hujus
508 598 583 664 anni
599 597 702 684 legati,
718 598 773 682 qui
793 596 826 660 in
844 595 995 661 AEtoliam
1013 611 1045 662 et
1059 598 1166 662 Mace·
1176 615 1257 677 tegna
1268 631 1297 662 ex

108 687 237 752 doniam
247 686 332 750 missi
341 684 681 761 erantrenuneiarunt,
688 684 748 748 sili
757 685 955 748 conveniendi
963 685 1165 768 regisPersei‚
1177 682 1316 758 simensis

108 796 197 859 paam
206 774 267 836 alii
277 773 378 836 abesse
387 792 462 846 enm,
472 771 534 834 atti
540 791 652 854 aaran
662 770 824 853 esse,fatso
832 772 1165 855 atmnqaestngerent,
1176 747 1300 858 baffi„

101 868 284 944 potestaten
299 880 360 921 non
366 858 502 941 flectam.
546 857 653 919 Facile
668 865 767 920 tamen
782 856 963 937 adpamisse
976 857 1045 933 sibi,
1061 857 1166 920 bellan

103 947 231 1030 parari,
255 966 309 1008 neo
330 946 414 1006 altra
437 945 481 1006 ael
501 963 589 1006 arma
612 943 659 1006 ire
680 943 856 1004 dilaturam.
898 941 975 1005 Item
998 944 1032 1004 in
1046 943 1167 1006 AEtolio

107 1033 284 1096 seditionem
295 1031 420 1113 gliscere
429 1029 549 1108 indies,
559 1049 653 1110 neque
666 1028 887 1091 discordiarum
898 1029 1055 1110 principes
1064 1037 1168 1092 arrota-

107 1120 203 1184 ritate
216 1138 273 1182 saa
286 1116 419 1178 oae'rceri
427 1116 571 1197 potuisse.
616 1112 725 1188 Quum
741 1110 858 1176 bellum
875 1111 1117 1178 Macedonicum
1133 1114 1165 1176 in

108 1203 346 1287 exspectatione
373 1217 463 1274 esset,
495 1199 675 1284 priusquam
713 1197 746 1262 id
775 1197 992 1282 susciperetur,
1022 1199 1284 1287 prodigiarroatsia

109 1289 240 1374 expiari,
265 1287 279 1326 ²
287 1307 460 1372 pacemque
485 1285 592 1349 Datim
620 1285 685 1368 peti
711 1284 955 1369 precationibus,
978 1305 1049 1372 quoe
1074 1282 1279 1350 editae⁸¹9¹⁸¹⁸⁴

110 1397 149 1441 ex
173 1373 323 1439 fatalibus
347 1372 436 1436 libris
460 1385 571 1449 essent,
592 1370 721 1456 placuit.
766 1369 900 1434 Lanuvii
918 1370 1024 1437 classis
1043 1393 1169 1458 magnas

110 1461 230 1547 speeies
243 1457 372 1524 ia'coelo
385 1459 461 1522 visae
470 1456 674 1533 dicebantur3
696 1469 728 1522 et
738 1454 882 1522 Priverni
896 1457 969 1521 lana
984 1457 1071 1543 pulla
1086 1473 1170 1522 terra

110 1560 219 1612 enata:
252 1559 283 1610 et
305 1544 337 1608 in
361 1544 486 1608 Veienti
506 1543 614 1628 ‘apud
640 1544 824 1608 Rementem
848 1542 1039 1627 lapidatum3
1074 1544 1170 1608 Potn-

109 1633 235 1719 ptinum
252 1653 345 1696 omne
361 1628 447 1696 velut
461 1632 597 1695 nubibus
619 1629 808 1694 locustarum
824 1644 1006 1714 coopertum
1029 1653 1113 1707 esse;
1136 1632 1170 1696 in

112 1717 237 1784 Gallico
261 1739 350 1804 agro,
373 1738 437 1802 qua
461 1716 663 1780 induceretur
691 1729 841 1790 aratrum,
867 1717 926 1778 sub
951 1717 1171 1790 exsistentibus

111 1805 211 1892 glebis
234 1805 335 1888 pisces
356 1802 529 1868 emersisse.
573 1801 625 1866 Ob
647 1799 716 1866 haec
738 1800 883 1889 prodigia
905 1802 977 1865 libri
997 1801 1106 1866 fatales
1120 1804 1170 1880 in-

112 1890 221 1975 specti,
236 1890 420 1974 editumque
436 1889 478 1952 ab
495 1887 680 1953 decemviris
694 1900 750 1963 est,
767 1899 798 1952 et
812 1887 927 1973 quibus
943 1888 1027 1964 Diis,
1042 1889 1171 1975 quibus·

111 1999 174 2064 que
187 1975 299 2040 hostiis
313 1973 551 2051 sacrificaretur,
567 1985 598 2038 et
613 1989 648 2038 ut
669 1972 857 2059 supplicatio
876 1974 1028 2063 prodigiis
1042 1976 1171 2060 expian-

111 2063 160 2128 dis
175 2063 283 2128 fierets
307 2060 415 2138 altera,
431 2082 504 2146 quae
518 2061 623 2145 priore
640 2081 724 2126 anno
740 2059 924 2124 valetudinis
938 2060 1047 2144 populi
1063 2083 1173 2126 caussa

112 2162 185 2214 vota
210 2160 301 2226 esset,
318 2170 355 2212 ea
381 2147 428 2210 uti
453 2144 601 2232 feriasque
622 2159 733 2212 essent.
757 2147 861 2231 itaque
884 2146 1094 2212 sacrificatum
1115 2165 1171 2226 est,

113 2248 150 2302 ut
163 2233 334 2299 decemviri
348 2233 500 2317 scriptum
515 2232 693 2298 ediderunt.

157 2321 222 2386 ΙΙΙ.
246 2319 369 2384 Eodem
399 2340 485 2384 anno
509 2318 606 2383 aedise
627 2318 762 2383 lunonis
790 2319 926 2384 lacinias
951 2319 1085 2386 detecta.
1130 2321 1172 2396 Q.

115 2407 246 2473 Fulvius
264 2406 396 2472 Flaccus
417 2426 529 2471 censor
550 2403 655 2468 eedem
669 2405 818 2468 Fortunae
834 2403 1007 2488 Equestris,
1024 2427 1117 2492 quam
1141 2409 1172 2472 io
1182 2417 1252 2463 aaa
1264 2413 1322 2462 nor-
1344 2447 1347 2456 .
1463 2455 1467 2462 .

116 2493 277 2577 Hispania
301 2504 421 2576 praetor
445 2491 528 2556 bello
552 2489 742 2555 Celtiberico
766 2504 904 2569 voverat,
929 2490 1063 2557 faeiebat
1087 2482 1291 2558 sanaturi·

114 2580 229 2657 studio,
254 2600 295 2642 ne
318 2577 416 2642 ullum
441 2577 556 2641 Romae
581 2576 716 2662 amplius
744 2590 799 2640 aut
820 2577 1074 2664 magnificentius
1096 2554 1292 2643 tem-'‘¹¹¹“¹''.¹'

116 2666 203 2751 plum
220 2679 311 2730 esset.
356 2665 511 2751 Magnum
535 2671 755 2728 ornamentum
778 2685 811 2726 se
832 2663 950 2748 templo
972 2678 1057 2730 ratus
1070 2666 1175 2751 adjec-

116 2767 234 2829 tarum,
251 2752 277 2814 si
298 2749 417 2837 tegulae
443 2765 627 2814 marmoreae
652 2764 764 2825 essent,
787 2749 946 2833 proiectus
971 2751 1003 2815 in
1022 2751 1173 2828 Bruttios,
1182 2764 1281 2825 Tegula

62 2911 67 2920 ,
115 2838 216 2904 adem
232 2837 369 2903 Junonis
385 2834 525 2900 Laciniae
540 2835 581 2900 ad
598 2848 716 2918 partem
732 2834 893 2900 dimidiam
909 2837 1037 2920 detegit.
1059 2839 1089 2902 id
1103 2839 1321 2941 ειῑίεζᾙοπ

5 2975 6 2980 ,
116 2924 183 2989 fore
198 2939 285 2988 ratus
299 2923 338 2986 ad
362 2921 542 3010 tegendum,
558 2921 645 3008 quod
666 2919 886 2988 aedificaretur,
932 2923 1035 2988 Nares
1057 2939 1257 3009 paratae„„,„
1273 2958 1340 3006 ms.

117 3014 259 3085 fuerunt,
276 3031 348 3095 quae
371 3007 516 3073 tollerent
531 3021 625 3092 atque
646 3021 853 3093 asportarent,
868 3010 1054 3076 auctoritate
1065 3033 1177 3077 senso·
1188 3026 1334 3073 assatae·

116 3098 165 3162 ria
189 3096 282 3161 sociis
311 3094 468 3160 deterritis
496 3093 530 3158 id
557 3093 665 3158 sacrile
690 3095 754 3158 ium
784 3093 962 3179 prohibere.
1007 3096 1177 3183 Postquam
1187 3101 1227 3140 ¹2·

117 3203 230 3248 censor
243 3180 350 3258 rediit,
362 3179 488 3268 tegulae,
501 3117 710 3265 expositae‘ite
724 3180 872 3258 travibus,
881 3179 923 3244 ad
937 3182 1089 3267 templ-um
1105 3205 1180 3270 por·

118 3269 279 3334 tabantur.
302 3287 503 3353 quamquam,
517 3266 604 3332 unde
617 3278 731 3346 essent,
746 3265 907 3348 silebatur,
922 3289 987 3332 non
1009 3281 1113 3334 amen
1130 3293 1180 3336 ce·

117 3353 178 3422 lari
191 3355 307 3440 potuit.
353 3351 510 3416 Fremitus
533 3351 630 3439 igitur
644 3353 676 3416 in
692 3351 779 3416 ouria
793 3368 880 3418 ortus
891 3367 955 3418 est:
979 3375 1019 3420 ex
1034 3355 1181 3420 omnibus

116 3440 261 3526 partibus
275 3438 504 3525 postulabatur,
521 3455 556 3502 ut
578 3436 723 3503 consules
745 3460 814 3502 eam
837 3461 904 3504 rem
918 3439 959 3504 ad
974 3455 1116 3506 senatum
1133 3465 1180 3506 re·

117 3526 247 3592 ferrent.
293 3525 341 3592 Ut
363 3547 437 3588 vero
460 3524 623 3588 arcessitus
644 3523 676 3587 in
703 3524 822 3589 curiam
845 3547 956 3590 censor
970 3529 1064 3602 venit,
1081 3527 1182 3592 multo

120 3611 263 3678 infestius
277 3609 393 3696 singuli
416 3611 616 3696 universique
634 3624 822 3695 praesentem
846 3611 999 3676 lacerare:
1028 3615 1182 3697 Templum

119 3699 363 3785 angustissimam
377 3699 513 3781 regionis
522 3696 598 3784 ejas,
614 3699 695 3780 qaod
708 3719 768 3760 non
783 3699 932 3782 Pyrrhus,
946 3719 1006 3762 non
1018 3701 1183 3766 Hannibal

120 3789 295 3860 violassent,
317 3785 435 3848 violare
457 3805 571 3866 param
596 3783 744 3860 habuisse,
767 3785 831 3850 nisi
851 3786 1011 3850 detexisset
1022 3786 1123 3872 sade,
1146 3809 1183 3853 aa

527 3909 538 3938 ⁶
550 3907 611 3954 ades
622 3907 698 3956 Gran.
707 3909 776 3955 Cras.

155 4023 203 4068 ΞΡ
285 4021 640 4082 nedetarpetipreoatiaailrua,
674 4039 729 4070 num
749 4023 869 4072 utendum·
905 4026 946 4070 Ita
961 4024 1123 4084 raerffioatam
1139 4032 1183 4082 est,
1287 4043 1291 4050 ¹

124 4103 175 4149 que
194 4088 268 4134 edite
295 4087 355 4132 Hae
373 4087 442 4135 lectio
460 4093 579 4140 tantast,
597 4103 640 4135 neo
673 4089 840 4148 inquitLisius
852 4089 921 4142 inira,
932 4095 960 4134 at
970 4090 1183 4151 deeeawira'rarr‘p-

123 4153 204 4200 debuit
231 4151 354 4198 sottieina
383 4165 397 4200 a
421 4152 549 4198 Gronovio.
583 4153 639 4200 Non
673 4154 861 4200 tamediderunt.

123 4219 193 4265 modo
211 4216 277 4264 enim
297 4215 399 4263 edebant
418 4231 446 4263 ex
464 4217 530 4264 libris
550 4219 639 4265 darem-
703 4212 968 4280 sApuancmenrem]
983 4219 1077 4268 Nomen
1091 4221 1136 4266 lori
1147 4221 1183 4266 in·

123 4284 175 4338 riri,
196 4283 286 4344 qulbus
304 4279 348 4328 diis
366 4282 545 4343 supplicandum
567 4289 638 4340 esset,
672 4284 810 4344 cognitum:
829 4297 871 4344 pro
888 4297 935 4344 quo
952 4285 1084 4345 suspicatur
1099 4283 1183 4334 Clara-

122 4350 161 4396 aad
172 4355 207 4408 ,et
221 4361 271 4410 qua
292 4346 351 4404 ritu,
370 4360 417 4408 aaa
434 4348 510 4404 torma
527 4349 640 4409 piseatio-
672 4351 721 4396 rius
732 4349 777 4410 legi
790 4363 858 4411 posse
871 4350 1011 4398 Cremeram.

715 4422 772 4478 at
