3120 4984
470 207 567 276 tiri.
596 207 924 273 incircuitu.
1109 303 1111 307 .
1177 224 1231 278 rei

157 388 254 454 quain
276 373 486 456 praetervecti
499 372 635 440 fuerant.
681 376 731 440 lbi
754 375 914 443 Eumenes
930 399 995 458 rex,
1011 380 1122 468 viginti
1137 382 1228 448 tectis
1239 392 1269 443 tt.
1280 393 1307 442 c.
1319 383 1388 446 tte?

156 455 296 521 navibus
306 457 347 521 ab
369 458 448 524 Elea
462 461 632 546 profectus,
649 462 761 528 obvius
775 465 836 529 l'uit
844 489 853 542 ;
880 478 913 529 et
927 465 1067 552 quinque
1080 468 1185 532 missae
1208 459 1268 534 a³⁸
1280 459 1308 509 ⁰·
1320 461 1376 512 ¹⁶⁹·

159 539 273 605 Prusia
287 567 362 631 rege
375 560 468 611 tectae
482 569 587 614 naves.
949 571 951 578 '

199 627 265 694 Xl.
291 631 365 696 Hac
392 633 506 697 virium
535 636 713 701 accessione
740 637 864 702 animus
892 638 991 703 crevit
1019 641 1160 724 praetori,
1190 655 1227 710 ut

157 711 389 782 Cassandream
406 721 617 806 obpugnaret.
661 722 687 760 ⁶⁴
698 722 835 788 Condita
851 740 898 789 est
912 749 931 790 a
947 727 1127 791 Cassandro
1149 751 1225 817 rege

155 799 188 862 in
212 801 287 886 ipsis
301 803 454 883 faucibus,
471 829 544 893 quae
568 808 785 874 Pallenensem
800 832 915 894 agrum
938 823 1051 877 ceterae
1068 813 1224 880 Macedo·
1265 873 1267 878 .

154 886 218 949 niae
236 888 389 978 jungunt,
404 892 481 957 hinc
495 892 688 972 Toronaico,
704 895 779 960 hinc
796 897 1008 962 Macedonico
1021 911 1109 983 septa
1129 903 1222 972 inari.

156 970 286 1040 Eminet
300 999 437 1060 namque
451 980 483 1042 in
500 981 599 1044 altum
620 981 741 1070 lingua,
757 984 790 1046 iu
806 1007 871 1068 qua
884 986 944 1048 sita
959 997 1023 1049 est:
1046 985 1140 1052 ⁶⁵ne'c
1162 990 1223 1053 ini·
1255 987 1258 992 “

153 1079 223 1136 nus,
240 1083 335 1148 quam
359 1067 392 1128 iii
414 1066 515 1130 altum
538 1068 758 1154 magnitudine
774 1071 862 1133 Atho
877 1093 978 1148 mons,
993 1073 1147 1150 excurrit,
1163 1075 1223 1140 ob·-
1323 1115 1326 1121 ν

153 1167 245 1210 versa
267 1149 299 1211 in
324 1153 485 1238 regionem
509 1151 686 1239 Magnesiae
707 1155 833 1220 duobus
854 1157 1019 1241 inparibus
1034 1176 1221 1243 promonto-

153 1232 226 1310 riis;
257 1258 392 1319 quorum
415 1239 528 1326 majori
557 1241 725 1305 Posideum
741 1257 789 1306 est
811 1265 938 1319 nomen,
962 1245 1079 1320 minori
1100 1246 1220 1312 Cauas-

152 1335 278 1394 traeuni.
324 1323 443 1388 Divisis
464 1326 608 1410 partibus
629 1327 816 1416 obpugnare
837 1329 954 1394 adorti:
987 1331 1152 1397 Romanus
1177 1333 1219 1400 ad

153 1403 263 1483 Clitas,
280 1431 357 1492 quus
377 1425 500 1490 vocant,
524 1414 729 1491 munimenta,
745 1415 881 1480 ⁶⁶cervis
901 1417 997 1481 etiam
1019 1419 1160 1504 objectis,
1182 1430 1220 1486 ut

152 1491 237 1556 viam
266 1493 500 1578 intercluderet,
531 1522 551 1562 a
567 1501 786 1566 Macedonico
814 1501 856 1566 ad
882 1502 1102 1568 Toronaicum
1130 1529 1220 1574 mare
1261 1551 1263 1559 ‹

152 1578 307 1660 perducit.
324 1583 365 1656 ab
377 1584 474 1649 altera
483 1598 574 1670 parte
585 1586 743 1674 ⁶⁷euripus
754 1601 817 1652 est:
839 1589 914 1653 inde
927 1590 1219 1684 Eumenesobpug-
1313 1665 1317 1677 p

153 1664 258 1729 nabat.
306 1669 461 1734 Romanis
483 1673 514 1734 in
538 1671 622 1737 fossa
643 1674 841 1760 complenda,
857 1698 952 1762 quam
968 1699 1077 1763 nuper
1098 1681 1220 1766 objece-

151 1762 200 1815 rat
223 1752 368 1832 Perseus,
383 1757 556 1843 plurimum
579 1773 645 1824 erat
660 1761 786 1828 laboris.
831 1761 882 1826 Ibi
900 1765 1054 1848 quoercnti
1076 1768 1219 1850 praetori,

151 1837 227 1986 piria
248 1861 405 1928 nusquam
421 1845 540 1909 cumuli
561 1845 767 1932 adparebant‚
782 1870 847 1933 quo
868 1863 990 1933 regesta
1004 1873 1022 1914 e
1035 1850 1119 1916 fossa
1134 1865 1219 1918 terra

163 1939 242 2004 oret,
258 1926 459 1995 ⁶8monstrati
482 1943 556 1998 sunt
571 1932 721 1998 fornices:
748 1955 809 1998 aori
824 1937 866 1998 ad
889 1939 1026 2002 eamdem
1040 1941 1218 2004 maintardi·

150 2019 228 2089 nem,
245 2035 305 2098 qua
320 2028 450 2080 veterem
464 2040 591 2094 munim,
606 2021 661 2083 sed
682 2022 806 2103 simplici
820 2023 948 2086 luterum
962 2025 1074 2101 ordine,
1089 2036 1218 2091 structor

149 2117 220 2164 este.
267 2100 442 2168 Consilium
469 2105 567 2196 igitur
581 2107 675 2191 cepit,
699 2106 869 2173 transfosso
889 2109 1010 2194 pariete
1025 2110 1085 2175 iter
1105 2112 1138 2176 iii
1162 2135 1216 2179 ur-

182 2312 385 2366 caeciderat
410 2334 425 2366 a
448 2317 579 2368 coriandro
599 2320 665 2384 rege]
698 2327 774 2368 tutem
786 2333 843 2368 sane
854 2319 995 2380 perspicuus
1004 2332 1052 2366 nori
1064 2324 1110 2378 est,
1119 2320 1158 2367 bic
1166 2322 1216 2367 ior-

149 2377 216 2424 Olim
234 2379 352 2441 Potidaea,
367 2389 430 2432 teste
446 2385 533 2439 Plinio,
550 2384 624 2432 t1v.
642 2400 664 2432 c.
698 2393 761 2432 tasse
782 2397 867 2432 sensus
892 2397 945 2430 esse
968 2385 1052 2443 possit.
1084 2384 1215 2439 Quaerebat

151 2442 188 2489 10.
223 2445 563 2505 illamdeiridevolauxerat,
575 2450 614 2496 vel
629 2451 666 2496 in·
698 2457 797 2510 praetor,
809 2448 1059 2510 quoregestaefossa
1069 2454 1133 2496 terra
1144 2456 1216 2499 esset.

148 2513 299 2555 stauraierat
316 2513 459 2568 Cassander,
472 2519 497 2560 et
513 2513 544 2560 de
561 2527 606 2560 suo
622 2529 665 2560 no·
699 2513 830 2560 Monstrati
856 2519 914 2560 aunt
935 2511 1049 2571 fornices,
1073 2514 1215 2574 dictumque

128 2573 129 2576 ’
149 2573 215 2619 mine
228 2574 394 2623 Gcsmndreim
405 2580 508 2625 dixerat.
698 2578 752 2624 illos
762 2584 867 2624 structos
878 2590 930 2623 esse
941 2590 954 2623 e
965 2582 1030 2622 terra
1040 2591 1115 2639 quam
1126 2593 1140 2624 e
1150 2579 1216 2626 fossa

181 2637 213 2684 65
230 2637 285 2684 Nee
299 2643 494 2702 minasquomfii
512 2641 587 2689 altarii
597 2657 666 2706 mag-
697 2649 843 2704 egesserant,
856 2643 881 2688 iri
896 2643 982 2689 lateres
993 2649 1070 2690 cocta.
1104 2642 1176 2697 Quod
1187 2650 1215 2690 ut

146 2702 255 2750 situdine
264 2704 328 2750 Atlio
343 2719 409 2753 moni
424 2707 540 2771 excurrit]
569 2707 666 2757 Prolixa
696 2709 826 2767 probarent
841 2707 859 2754 ii
875 2708 918 2767 qui
933 2709 1062 2767 praetorem
1074 2713 1126 2754 tota
1142 2710 1172 2754 de
1188 2723 1216 2758 re

146 2772 171 2812 et
182 2769 284 2816 verbosa
298 2771 384 2828 oratio,
396 2779 421 2818 et
431 2787 487 2833 quae
503 2773 581 2832 sapiat
592 2774 664 2820 sarci·
696 2772 954 2830 commonefaciebant,
977 2771 1137 2819 observabant
1160 2774 1215 2842 illos

147 2831 360 2884 natorismanum.
387 2834 494 2884 'Reseca
505 2851 589 2884 vocem
600 2851 665 2900 mag.
696 2837 799 2883 fornices
810 2838 879 2883 aliter
890 2842 995 2884 structos
1005 2849 1058 2884 esse
1068 2851 1097 2884 ac
1108 2845 1214 2885 veterem

145 2896 261 2953 citudine,
272 2905 305 2954 et,
317 2899 366 2945 levi
373 2898 514 2964 trajectione
525 2903 663 2957 verborum,
695 2913 796 2948 murum
804 2903 881 2960 urbis,
888 2915 933 2948 nec
943 2901 1044 2961 proinde
1055 2903 1140 2949 eodem
1152 2909 1215 2948 tem·

144 2963 265 3010 emenda:
293 2976 335 3010 neo
355 2965 433 3012 minus
451 2967 477 3012 iri
497 2966 572 3014 uuum
594 2980 663 3028 quam
695 2979 761 3025 pore.
795 2965 870 3014 Fossa
883 2970 1017 3023 autem,ut
1031 2974 1214 3028 supraaiiiiota·

143 3025 209 3071 Atto
219 3040 284 3074 moar
294 3029 408 3076 accurrit.
696 3035 749 3076 tum
762 3035 808 3084 est,
817 3045 894 3091 nuper
904 3027 998 3092 objecta
1006 3031 1213 3081 fueratal'erseo.

177 3089 210 3137 66
223 3092 382 3138 Gervfretiom
392 3094 495 3160 objectis]
514 3095 662 3144 Cervierant
695 3093 779 3148 Quum
795 3096 870 3152 igitur
886 3096 951 3141 fossa
967 3101 1030 3140 esset
1046 3107 1129 3142 recens
1140 3097 1213 3151 factu,

141 3157 234 3202 ramosi
245 3156 326 3204 trunci
333 3158 457 3218 arborum,
468 3173 529 3220 quos
536 3161 562 3206 in
572 3167 662 3207 terram
694 3158 798 3204 fornices
813 3159 874 3206 item
885 3171 968 3205 recens
979 3161 1074 3216 structi,
1085 3163 1132 3207 hoc
1142 3173 1214 3222 argus

142 3227 201 3266 ante
217 3220 309 3272 fossam
328 3223 470 3285 vallumque
485 3226 620 3285 depangere
636 3230 662 3270 et
694 3228 778 3268 mento
802 3223 955 3284 aliquatenus
984 3223 1049 3270 dicta
1076 3225 1213 3272 innabant.

141 3283 209 3331 varie
220 3299 298 3332 serere
308 3286 427 3345 solebant,
438 3289 470 3335 ad
486 3289 661 3336 obstruendum
694 3285 796 3333 Praetoii
812 3301 826 3332 e
839 3301 865 3334 re
880 3293 966 3334 nutum
984 3293 1021 3332 est
1033 3290 1171 3342 consilium,
1183 3295 1212 3336 ut

141 3354 186 3394 aut
205 3349 387 3411 impediendum
415 3353 469 3399 iter.
504 3353 602 3400 Nomen
619 3355 661 3398 ha·
692 3350 815 3398 fornicum
826 3353 929 3412 parietes
943 3351 1047 3410 simplici
1058 3353 1162 3399 luterum
1174 3367 1213 3398 or·

140 3413 248 3460 buerunt
259 3429 275 3461 a
285 3416 445 3463 similitudine
455 3431 575 3466 cornuum
587 3419 660 3466 cervi.
692 3415 750 3462 dine
765 3421 880 3475 structos,
897 3416 963 3476 quod
979 3415 1050 3461 facile
1065 3417 1132 3463 factu
1149 3425 1211 3472 erut,

140 3475 217 3524 Plura
228 3480 259 3526 de
274 3481 304 3526 iis
315 3480 371 3526 vide
380 3483 445 3541 apud
457 3483 522 3543 Lips.
535 3483 551 3531 1.
564 3481 599 3531 ΙΙ.
616 3484 660 3528 Ρο-
693 3480 862 3536 mansfoderet,
873 3488 947 3541 atque
963 3480 988 3525 id
1004 3480 1050 3526 sibi
1065 3479 1113 3526 iter
1129 3481 1154 3526 iii
1171 3494 1212 3528 ur·

140 3541 235 3590 liorcet.
247 3543 311 3590 Diui.
323 3544 346 3590 2.
537 3539 541 3548 “
693 3545 749 3591 bem
754 3545 907 3606 patefaceret.
914 3545 1211 3604 Restaretexplicandum,

173 3608 206 3654 67
222 3609 341 3672 Euripus]
376 3609 537 3674 intelligenda
564 3611 661 3659 videtur
693 3609 735 3655 ubi
746 3616 771 3656 et
782 3611 898 3669 quemad
909 3621 982 3656 usum
993 3609 1079 3655 stmoti
1090 3609 1210 3684 illiforiii.

139 3673 207 3719 fossa
222 3674 305 3734 aliqua
318 3687 394 3722 manu
412 3676 485 3732 facta,
508 3691 564 3738 quae
586 3678 660 3723 mai-is
692 3687 742 3733 ces,
756 3681 781 3722 et
796 3677 839 3735 qui
854 3687 939 3721 eorum
955 3673 1045 3732 pariete
1059 3673 1167 3734 perfosso
1180 3687 1210 3750 .¹¹.¹

138 3749 217 3798 aquas
227 3739 354 3799 acciperet.
378 3741 598 3789 Namtaiesfossae
609 3741 661 3787 Ea·
692 3741 778 3786 urbem
797 3745 892 3798 pateret
911 3739 958 3786 via.
993 3738 1055 3785 Haec
1070 3751 1120 3788 uon
1139 3738 1211 3812 facile

136 3802 187 3862 ripi
198 3804 263 3863 apud
274 3803 387 3863 antiquos
398 3807 595 3854 nominabantur.
692 3805 841 3864 expedimus
891 3805 999 3850 Tantum
1026 3803 1210 3878 observabimus

172 3867 206 3914 tte
222 3867 356 3915 Morirtroti
366 3869 541 3935 mntfomfcor]
564 3872 658 3918 Grono·
691 3869 782 3915 fossam
793 3874 852 3916 tunc
871 3869 1018 3928 completam
1035 3879 1084 3912 non
1103 3866 1210 3938 fuisses

138 3932 194 3980 vius
217 3933 313 3992 reponit
340 3939 495 3982 monstratum
518 3939 560 3990 eit,
583 3939 657 3995 atque
691 3931 815 3978 Romanis.
849 3934 936 3994 Itaque
956 3933 1023 3978 locus
1045 3931 1087 4008 nbi
1108 3931 1210 3988 perfossi

134 3997 213 4044 etiam
232 3998 296 4044 hanc
306 4001 502 4046 emendationem
513 3999 619 4046 Clericus
631 3999 657 4044 iii
691 4003 749 4042 sunt
759 3997 870 4052 fornices,
881 3997 965 4044 debuit
975 4009 1028 4043 esse
1038 4001 1098 4067 crim
1106 3995 1208 4070 fossam,
1221 4021 1223 4026 ·

134 4067 291 4109 contextum,
312 4064 450 4111 admiserat.
485 4065 532 4112 Sed
561 4063 658 4112 videtur
690 4061 970 4122 siRoiiianosrespicias·
1003 4060 1208 4136 fneJusmodilo-

133 4128 238 4186 antiqua
253 4127 326 4173 lectio
342 4133 406 4175 stare
420 4141 497 4190 posse.
530 4129 656 4176 Nimirum
689 4127 724 4173 cis
734 4139 783 4171 non
795 4134 925 4184 possumus
935 4139 984 4172 non
994 4124 1102 4170 multum
1113 4125 1206 4172 deside·

133 4191 163 4236 in
182 4192 213 4236 iis
224 4205 283 4252 quae
299 4195 444 4253 sequnntur,
456 4191 489 4241 eil
503 4197 657 4240 abactorum
687 4203 741 4238 rara
756 4190 891 4251 Polybium,
902 4191 945 4250 qui
961 4196 989 4235 ut
999 4189 1114 4266 militaris
1122 4191 1169 4266 vir,
1180 4195 1207 4236 et

135 4257 247 4314 pendent
263 4269 279 4303 a
295 4259 368 4304 verbo
384 4257 495 4314 inani,
508 4261 595 4305 dimam
613 4261 656 4311 est,
687 4258 797 4302 locorum
829 4255 931 4315 peritus,
958 4261 983 4300 et
1010 4260 1206 4330 accuratissimus

134 4319 270 4376 intellecto,
281 4333 313 4367 ex
325 4323 418 4370 solenni
424 4337 492 4370 more
500 4325 570 4372 Livii.
587 4323 658 4371 Cere·
688 4321 799 4380 scriptor,
812 4319 904 4378 omnia,
915 4319 942 4365 ni
953 4319 1015 4366 fallit
1031 4317 1206 4374 animumdlli-

133 4398 193 4432 runi
210 4385 286 4434 totius
297 4386 353 4442 loci,
364 4388 407 4450 qui
418 4389 449 4434 ob
464 4387 566 4436 nimiam
578 4387 656 4436 brevi·
689 4385 785 4448 gentiiis
795 4391 945 4447 exposuerat.

730 4456 789 4513 ref
1207 4489 1214 4518 i
