<?xml version="1.0" encoding="UTF-8"?>
<!DOCTYPE html PUBLIC "-//W3C//DTD XHTML 1.0 Transitional//EN"
    "http://www.w3.org/TR/xhtml1/DTD/xhtml1-transitional.dtd">
<html xmlns="http://www.w3.org/1999/xhtml" xml:lang="en" lang="en">
 <head>
  <title>
</title>
<meta http-equiv="Content-Type" content="text/html;charset=utf-8" />
  <meta name='ocr-system' content='tesseract 3.04.00' />
  <meta name='ocr-capabilities' content='ocr_page ocr_carea ocr_par ocr_line ocrx_word'/>
</head>
<body>
  <div class='ocr_page' id='page_1' title='image "./tliviipatavinih03crevgoog_0112.png"; bbox 0 0 3056 4976; ppageno 0'>
   <div class='ocr_carea' id='block_1_1' title="bbox 247 22 254 69">
    <p class='ocr_par' dir='ltr' id='par_1_1' title="bbox 247 22 254 69">
     <span class='ocr_line' id='line_1_1' title="bbox 247 22 254 69; baseline 0 0"><span class='ocrx_word' id='word_1_1' title='bbox 247 22 254 69; x_wconf 87' lang='lat' dir='ltr'>l</span> 
     </span>
    </p>
   </div>
   <div class='ocr_carea' id='block_1_2' title="bbox 455 167 1262 252">
    <p class='ocr_par' dir='ltr' id='par_1_2' title="bbox 455 167 1262 252">
     <span class='ocr_line' id='line_1_2' title="bbox 455 167 1262 252; baseline 0.01 -24"><span class='ocrx_word' id='word_1_2' title='bbox 455 167 519 228; x_wconf 83' lang='lat' dir='ltr'>os</span> <span class='ocrx_word' id='word_1_3' title='bbox 548 167 888 242; x_wconf 80' lang='lat' dir='ltr'>uounsnrnus,</span> <span class='ocrx_word' id='word_1_4' title='bbox 918 171 969 230; x_wconf 72' lang='lat' dir='ltr'>ae.</span> <span class='ocrx_word' id='word_1_5' title='bbox 1204 197 1262 252; x_wconf 65' lang='lat' dir='ltr'>⁴cv</span> 
     </span>
    </p>
   </div>
   <div class='ocr_carea' id='block_1_3' title="bbox 155 331 1313 943">
    <p class='ocr_par' dir='ltr' id='par_1_3' title="bbox 155 331 1313 943">
     <span class='ocr_line' id='line_1_3' title="bbox 155 331 1263 428; baseline 0.006 -30"><span class='ocrx_word' id='word_1_6' title='bbox 155 332 293 399; x_wconf 79' lang='lat' dir='ltr'>Livium</span> <span class='ocrx_word' id='word_1_7' title='bbox 308 331 349 396; x_wconf 81' lang='lat' dir='ltr'>fit</span> <span class='ocrx_word' id='word_1_8' title='bbox 362 332 490 411; x_wconf 85' lang='lat' dir='ltr'>mentio,</span> <span class='ocrx_word' id='word_1_9' title='bbox 510 333 597 419; x_wconf 90' lang='lat' dir='ltr'>quod</span> <span class='ocrx_word' id='word_1_10' title='bbox 610 332 734 408; x_wconf 87' lang='lat' dir='ltr'>duabus</span> <span class='ocrx_word' id='word_1_11' title='bbox 748 333 910 420; x_wconf 81' lang='lat' dir='ltr'>amphoris</span> <span class='ocrx_word' id='word_1_12' title='bbox 924 336 990 402; x_wconf 82' lang='lat' dir='ltr'>sive</span> <span class='ocrx_word' id='word_1_13' title='bbox 1004 359 1060 428; x_wconf 72' lang='lat' dir='ltr'>serr</span> <span class='ocrx_word' id='word_1_14' title='bbox 1076 338 1189 404; x_wconf 85' lang='lat' dir='ltr'>modiis</span> <span class='ocrx_word' id='word_1_15' title='bbox 1204 359 1263 425; x_wconf 82' lang='lat' dir='ltr'>ptr</span> 
     </span>
     <span class='ocr_line' id='line_1_4' title="bbox 156 432 722 485; baseline 0.012 -3"><span class='ocrx_word' id='word_1_16' title='bbox 156 432 245 485; x_wconf 74' lang='lat' dir='ltr'>erat:</span> <span class='ocrx_word' id='word_1_17' title='bbox 717 465 722 476; x_wconf 86' lang='lat'><em>·</em></span> 
     </span>
     <span class='ocr_line' id='line_1_5' title="bbox 200 503 1264 592; baseline 0.006 -21"><span class='ocrx_word' id='word_1_18' title='bbox 200 508 311 588; x_wconf 87' lang='lat' dir='ltr'>Atque</span> <span class='ocrx_word' id='word_1_19' title='bbox 322 503 392 568; x_wconf 86' lang='lat' dir='ltr'>haec</span> <span class='ocrx_word' id='word_1_20' title='bbox 402 516 476 569; x_wconf 90' lang='lat' dir='ltr'>sunt</span> <span class='ocrx_word' id='word_1_21' title='bbox 490 527 563 592; x_wconf 83' lang='lat' dir='ltr'>quae</span> <span class='ocrx_word' id='word_1_22' title='bbox 577 505 618 570; x_wconf 89' lang='lat' dir='ltr'>de</span> <span class='ocrx_word' id='word_1_23' title='bbox 630 507 836 590; x_wconf 82' lang='lat' dir='ltr'><strong>ponderibus,</strong></span> <span class='ocrx_word' id='word_1_24' title='bbox 851 511 995 591; x_wconf 86' lang='lat' dir='ltr'>pecunia,</span> <span class='ocrx_word' id='word_1_25' title='bbox 1014 511 1167 576; x_wconf 81' lang='lat' dir='ltr'><strong>mensuris</strong></span> <span class='ocrx_word' id='word_1_26' title='bbox 1182 510 1264 577; x_wconf 74' lang='lat' dir='ltr'>anti-</span> 
     </span>
     <span class='ocr_line' id='line_1_6' title="bbox 156 592 1265 684; baseline 0.007 -30"><span class='ocrx_word' id='word_1_27' title='bbox 156 613 298 677; x_wconf 87' lang='lat' dir='ltr'>quorum</span> <span class='ocrx_word' id='word_1_28' title='bbox 311 592 492 655; x_wconf 80' lang='lat' dir='ltr'><strong>summatim</strong></span> <span class='ocrx_word' id='word_1_29' title='bbox 501 592 685 656; x_wconf 86' lang='lat' dir='ltr'>disserenda</span> <span class='ocrx_word' id='word_1_30' title='bbox 694 615 760 657; x_wconf 88' lang='lat' dir='ltr'>esse</span> <span class='ocrx_word' id='word_1_31' title='bbox 770 592 932 672; x_wconf 85' lang='lat' dir='ltr'>duximus,</span> <span class='ocrx_word' id='word_1_32' title='bbox 943 593 987 672; x_wconf 87' lang='lat' dir='ltr'>ut,</span> <span class='ocrx_word' id='word_1_33' title='bbox 1000 596 1191 684; x_wconf 90' lang='lat' dir='ltr'>ubicumque</span> <span class='ocrx_word' id='word_1_34' title='bbox 1200 598 1265 663; x_wconf 89' lang='lat' dir='ltr'>lec·</span> 
     </span>
     <span class='ocr_line' id='line_1_7' title="bbox 157 678 1266 768; baseline 0.006 -26"><span class='ocrx_word' id='word_1_35' title='bbox 157 691 210 742; x_wconf 88' lang='lat' dir='ltr'>tor</span> <span class='ocrx_word' id='word_1_36' title='bbox 220 678 294 742; x_wconf 81' lang='lat' dir='ltr'>haec</span> <span class='ocrx_word' id='word_1_37' title='bbox 302 679 337 742; x_wconf 90' lang='lat' dir='ltr'>in</span> <span class='ocrx_word' id='word_1_38' title='bbox 346 679 431 742; x_wconf 87' lang='lat' dir='ltr'>notis</span> <span class='ocrx_word' id='word_1_39' title='bbox 440 679 557 742; x_wconf 88' lang='lat' dir='ltr'>nostris</span> <span class='ocrx_word' id='word_1_40' title='bbox 568 679 724 743; x_wconf 85' lang='lat' dir='ltr'>aestimata</span> <span class='ocrx_word' id='word_1_41' title='bbox 734 680 898 757; x_wconf 84' lang='lat' dir='ltr'>invenerit,</span> <span class='ocrx_word' id='word_1_42' title='bbox 911 683 988 746; x_wconf 84' lang='lat' dir='ltr'>sciat</span> <span class='ocrx_word' id='word_1_43' title='bbox 996 682 1074 768; x_wconf 93' lang='lat' dir='ltr'>quid</span> <span class='ocrx_word' id='word_1_44' title='bbox 1084 685 1180 748; x_wconf 88' lang='lat' dir='ltr'>secuti</span> <span class='ocrx_word' id='word_1_45' title='bbox 1196 682 1266 749; x_wconf 84' lang='lat' dir='ltr'>sue·</span> 
     </span>
     <span class='ocr_line' id='line_1_8' title="bbox 157 763 1265 850; baseline 0.007 -22"><span class='ocrx_word' id='word_1_46' title='bbox 157 765 269 841; x_wconf 87' lang='lat' dir='ltr'>rimus,</span> <span class='ocrx_word' id='word_1_47' title='bbox 285 776 327 840; x_wconf 85' lang='lat' dir='ltr'>et,</span> <span class='ocrx_word' id='word_1_48' title='bbox 344 764 370 827; x_wconf 85' lang='lat' dir='ltr'>si</span> <span class='ocrx_word' id='word_1_49' title='bbox 386 763 463 850; x_wconf 92' lang='lat' dir='ltr'>quid</span> <span class='ocrx_word' id='word_1_50' title='bbox 476 763 541 828; x_wconf 91' lang='lat' dir='ltr'>illic</span> <span class='ocrx_word' id='word_1_51' title='bbox 555 765 682 830; x_wconf 86' lang='lat' dir='ltr'>obscuri</span> <span class='ocrx_word' id='word_1_52' title='bbox 702 767 863 850; x_wconf 84' lang='lat' dir='ltr'>repererit,</span> <span class='ocrx_word' id='word_1_53' title='bbox 879 766 943 831; x_wconf 95' lang='lat' dir='ltr'>huc</span> <span class='ocrx_word' id='word_1_54' title='bbox 958 782 1110 846; x_wconf 80' lang='lat' dir='ltr'>recurrat,</span> <span class='ocrx_word' id='word_1_55' title='bbox 1127 769 1182 834; x_wconf 92' lang='lat' dir='ltr'>ubi</span> <span class='ocrx_word' id='word_1_56' title='bbox 1197 785 1265 836; x_wconf 84' lang='lat' dir='ltr'>tota</span> 
     </span>
     <span class='ocr_line' id='line_1_9' title="bbox 160 849 1313 943; baseline 0.009 -30"><span class='ocrx_word' id='word_1_57' title='bbox 160 871 209 915; x_wconf 87' lang='lat' dir='ltr'>res</span> <span class='ocrx_word' id='word_1_58' title='bbox 221 849 371 936; x_wconf 91' lang='lat' dir='ltr'>pluribus</span> <span class='ocrx_word' id='word_1_59' title='bbox 385 850 490 914; x_wconf 89' lang='lat' dir='ltr'>verbis</span> <span class='ocrx_word' id='word_1_60' title='bbox 506 863 639 916; x_wconf 86' lang='lat' dir='ltr'>tractata</span> <span class='ocrx_word' id='word_1_61' title='bbox 651 850 773 917; x_wconf 84' lang='lat' dir='ltr'><strong>facilius</strong></span> <span class='ocrx_word' id='word_1_62' title='bbox 787 864 819 916; x_wconf 89' lang='lat' dir='ltr'>et</span> <span class='ocrx_word' id='word_1_63' title='bbox 833 851 957 938; x_wconf 88' lang='lat' dir='ltr'>planius</span> <span class='ocrx_word' id='word_1_64' title='bbox 971 855 1103 943; x_wconf 80' lang='lat' dir='ltr'>intelligi</span> <span class='ocrx_word' id='word_1_65' title='bbox 1119 869 1234 941; x_wconf 88' lang='lat' dir='ltr'>potest.</span> <span class='ocrx_word' id='word_1_66' title='bbox 1307 853 1313 865; x_wconf 80' lang='grc'><strong>’</strong></span> 
     </span>
    </p>
   </div>
   <div class='ocr_carea' id='block_1_4' title="bbox 605 1169 803 1211">
    <p class='ocr_par' dir='ltr' id='par_1_4' title="bbox 605 1169 803 1211">
     <span class='ocr_line' id='line_1_10' title="bbox 605 1169 803 1211; baseline 0 0"><span class='ocrx_word' id='word_1_67' title='bbox 605 1169 803 1211; x_wconf 50' lang='lat'>*¹⁶-</span> 
     </span>
    </p>
   </div>
   <div class='ocr_carea' id='block_1_5' title="bbox 396 1399 1037 1726">
    <p class='ocr_par' dir='ltr' id='par_1_5' title="bbox 396 1399 1037 1726">
     <span class='ocr_line' id='line_1_11' title="bbox 519 1399 916 1500; baseline 0.008 -2"><span class='ocrx_word' id='word_1_68' title='bbox 519 1399 916 1500; x_wconf 84' lang='lat' dir='ltr'><strong>APPENDIX</strong></span> 
     </span>
     <span class='ocr_line' id='line_1_12' title="bbox 396 1639 1037 1726; baseline 0.006 -6"><span class='ocrx_word' id='word_1_69' title='bbox 396 1639 496 1720; x_wconf 85' lang='lat' dir='ltr'>uu</span> <span class='ocrx_word' id='word_1_70' title='bbox 541 1641 714 1723; x_wconf 80' lang='lat' dir='ltr'>mus</span> <span class='ocrx_word' id='word_1_71' title='bbox 764 1643 1037 1726; x_wconf 81' lang='lat' dir='ltr'>ouAvr.</span> 
     </span>
    </p>
   </div>
   <div class='ocr_carea' id='block_1_6' title="bbox 97 1905 1408 2810">
    <p class='ocr_par' dir='ltr' id='par_1_6' title="bbox 97 1905 1408 2294">
     <span class='ocr_line' id='line_1_13' title="bbox 162 1905 1408 2034; baseline 0.003 -26"><span class='ocrx_word' id='word_1_72' title='bbox 162 1905 324 2034; x_wconf 72' lang='lat' dir='ltr'>Cluen</span> <span class='ocrx_word' id='word_1_73' title='bbox 334 1965 483 2034; x_wconf 20' lang='lat' dir='ltr'>assignare</span> <span class='ocrx_word' id='word_1_74' title='bbox 493 1941 546 2008; x_wconf 93' lang='lat' dir='ltr'>hic</span> <span class='ocrx_word' id='word_1_75' title='bbox 554 1944 658 2010; x_wconf 90' lang='lat' dir='ltr'>nodus</span> <span class='ocrx_word' id='word_1_76' title='bbox 666 1968 729 2011; x_wconf 91' lang='lat' dir='ltr'>non</span> <span class='ocrx_word' id='word_1_77' title='bbox 739 1943 831 2012; x_wconf 90' lang='lat' dir='ltr'>facile</span> <span class='ocrx_word' id='word_1_78' title='bbox 839 1945 1007 2012; x_wconf 86' lang='lat' dir='ltr'>solvendus</span> <span class='ocrx_word' id='word_1_79' title='bbox 1016 1947 1166 2028; x_wconf 89' lang='lat' dir='ltr'>occurrit,</span> <span class='ocrx_word' id='word_1_80' title='bbox 1176 1945 1261 2034; x_wconf 91' lang='lat' dir='ltr'>quod</span> <span class='ocrx_word' id='word_1_81' title='bbox 1270 1971 1408 2022; x_wconf 72' lang='lat' dir='ltr'>Discursu</span> 
     </span>
     <span class='ocr_line' id='line_1_14' title="bbox 97 2029 1376 2118; baseline 0.005 -24"><span class='ocrx_word' id='word_1_82' title='bbox 97 2034 100 2043; x_wconf 89' lang='lat'>&#39;</span> <span class='ocrx_word' id='word_1_83' title='bbox 160 2043 233 2107; x_wconf 75' lang='lat' dir='ltr'>eJus,</span> <span class='ocrx_word' id='word_1_84' title='bbox 250 2029 347 2095; x_wconf 88' lang='lat' dir='ltr'>etium</span> <span class='ocrx_word' id='word_1_85' title='bbox 364 2044 438 2115; x_wconf 89' lang='lat' dir='ltr'>post</span> <span class='ocrx_word' id='word_1_86' title='bbox 452 2030 655 2096; x_wconf 90' lang='lat' dir='ltr'>imminutum</span> <span class='ocrx_word' id='word_1_87' title='bbox 679 2035 794 2098; x_wconf 90' lang='lat' dir='ltr'>assium</span> <span class='ocrx_word' id='word_1_88' title='bbox 818 2035 953 2118; x_wconf 91' lang='lat' dir='ltr'>pondus,</span> <span class='ocrx_word' id='word_1_89' title='bbox 970 2035 1088 2099; x_wconf 87' lang='lat' dir='ltr'>mentio</span> <span class='ocrx_word' id='word_1_90' title='bbox 1103 2048 1210 2099; x_wconf 85' lang='lat' dir='ltr'>tamen</span> <span class='ocrx_word' id='word_1_91' title='bbox 1226 2031 1376 2100; x_wconf 65' lang='lat' dir='ltr'>fitctrcm</span> 
     </span>
     <span class='ocr_line' id='line_1_15' title="bbox 158 2115 1402 2216; baseline 0.006 -39"><span class='ocrx_word' id='word_1_92' title='bbox 158 2115 319 2181; x_wconf 88' lang='lat' dir='ltr'>interdum</span> <span class='ocrx_word' id='word_1_93' title='bbox 335 2139 356 2180; x_wconf 87' lang='lat' dir='ltr'>a</span> <span class='ocrx_word' id='word_1_94' title='bbox 369 2117 586 2202; x_wconf 78' lang='lat' dir='ltr'>scriptoribus,</span> <span class='ocrx_word' id='word_1_95' title='bbox 598 2137 748 2205; x_wconf 86' lang='lat' dir='ltr'>tanquam</span> <span class='ocrx_word' id='word_1_96' title='bbox 760 2133 836 2184; x_wconf 91' lang='lat' dir='ltr'>tunc</span> <span class='ocrx_word' id='word_1_97' title='bbox 850 2141 975 2206; x_wconf 90' lang='lat' dir='ltr'>quoque</span> <span class='ocrx_word' id='word_1_98' title='bbox 986 2119 1121 2187; x_wconf 82' lang='lat' dir='ltr'>adhibiti</span> <span class='ocrx_word' id='word_1_99' title='bbox 1134 2121 1174 2184; x_wconf 91' lang='lat' dir='ltr'>ad</span> <span class='ocrx_word' id='word_1_100' title='bbox 1186 2141 1263 2184; x_wconf 90' lang='lat' dir='ltr'>con·</span> <span class='ocrx_word' id='word_1_101' title='bbox 1272 2117 1402 2216; x_wconf 55' lang='grc' dir='ltr'>ξζέξοξέξ</span> 
     </span>
     <span class='ocr_line' id='line_1_16' title="bbox 157 2199 1263 2294; baseline 0.005 -30"><span class='ocrx_word' id='word_1_102' title='bbox 157 2199 310 2268; x_wconf 87' lang='lat' dir='ltr'>ficiendas</span> <span class='ocrx_word' id='word_1_103' title='bbox 325 2203 592 2289; x_wconf 85' lang='lat' dir='ltr'>aestimandasque</span> <span class='ocrx_word' id='word_1_104' title='bbox 601 2205 745 2289; x_wconf 82' lang='lat' dir='ltr'>pecuniae</span> <span class='ocrx_word' id='word_1_105' title='bbox 759 2229 907 2271; x_wconf 86' lang='lat' dir='ltr'>summas.</span> <span class='ocrx_word' id='word_1_106' title='bbox 939 2205 1068 2270; x_wconf 84' lang='lat' dir='ltr'>Etenim</span> <span class='ocrx_word' id='word_1_107' title='bbox 1079 2229 1177 2294; x_wconf 88' lang='lat' dir='ltr'>quum</span> <span class='ocrx_word' id='word_1_108' title='bbox 1190 2207 1263 2270; x_wconf 87' lang='lat' dir='ltr'>aeris</span> 
     </span>
    </p>

    <p class='ocr_par' dir='ltr' id='par_1_7' title="bbox 157 2288 1263 2541">
     <span class='ocr_line' id='line_1_17' title="bbox 195 2288 1263 2378; baseline 0.002 -24"><span class='ocrx_word' id='word_1_109' title='bbox 195 2289 262 2354; x_wconf 88' lang='lat' dir='ltr'>avis</span> <span class='ocrx_word' id='word_1_110' title='bbox 277 2288 408 2354; x_wconf 91' lang='lat' dir='ltr'>nomine</span> <span class='ocrx_word' id='word_1_111' title='bbox 418 2289 647 2378; x_wconf 79' lang='lat' dir='ltr'>intelligantur,</span> <span class='ocrx_word' id='word_1_112' title='bbox 663 2306 699 2356; x_wconf 89' lang='lat' dir='ltr'>ut</span> <span class='ocrx_word' id='word_1_113' title='bbox 709 2292 845 2357; x_wconf 86' lang='lat' dir='ltr'>diximus</span> <span class='ocrx_word' id='word_1_114' title='bbox 856 2293 889 2356; x_wconf 93' lang='lat' dir='ltr'>iu</span> <span class='ocrx_word' id='word_1_115' title='bbox 902 2293 1129 2377; x_wconf 90' lang='lat' dir='ltr'>Disputatione</span> <span class='ocrx_word' id='word_1_116' title='bbox 1166 2314 1263 2357; x_wconf 83' lang='lat' dir='ltr'>raece·</span> 
     </span>
     <span class='ocr_line' id='line_1_18' title="bbox 157 2311 1262 2464; baseline 0.002 -24"><span class='ocrx_word' id='word_1_117' title='bbox 157 2311 256 2454; x_wconf 64' lang='lat' dir='ltr'>dimi,</span> <span class='ocrx_word' id='word_1_118' title='bbox 284 2398 368 2440; x_wconf 89' lang='lat' dir='ltr'>asses</span> <span class='ocrx_word' id='word_1_119' title='bbox 391 2374 527 2456; x_wconf 84' lang='lat' dir='ltr'>librales,</span> <span class='ocrx_word' id='word_1_120' title='bbox 575 2377 620 2441; x_wconf 93' lang='lat' dir='ltr'>uis</span> <span class='ocrx_word' id='word_1_121' title='bbox 642 2378 709 2464; x_wconf 89' lang='lat' dir='ltr'>ejus</span> <span class='ocrx_word' id='word_1_122' title='bbox 732 2399 805 2443; x_wconf 89' lang='lat' dir='ltr'>usus</span> <span class='ocrx_word' id='word_1_123' title='bbox 827 2401 893 2442; x_wconf 89' lang='lat' dir='ltr'>esse</span> <span class='ocrx_word' id='word_1_124' title='bbox 915 2377 1025 2442; x_wconf 89' lang='lat' dir='ltr'>debuit</span> <span class='ocrx_word' id='word_1_125' title='bbox 1047 2392 1120 2464; x_wconf 90' lang='lat' dir='ltr'>post</span> <span class='ocrx_word' id='word_1_126' title='bbox 1142 2315 1262 2443; x_wconf 61' lang='lat' dir='ltr'>livatos</span> 
     </span>
     <span class='ocr_line' id='line_1_19' title="bbox 158 2400 1204 2541; baseline 0.002 -15"><span class='ocrx_word' id='word_1_127' title='bbox 158 2485 251 2541; x_wconf 83' lang='lat' dir='ltr'>usses,</span> <span class='ocrx_word' id='word_1_128' title='bbox 268 2474 300 2527; x_wconf 86' lang='lat' dir='ltr'>et</span> <span class='ocrx_word' id='word_1_129' title='bbox 315 2463 355 2527; x_wconf 92' lang='lat' dir='ltr'>ad</span> <span class='ocrx_word' id='word_1_130' title='bbox 373 2462 496 2527; x_wconf 91' lang='lat' dir='ltr'>unciam</span> <span class='ocrx_word' id='word_1_131' title='bbox 514 2400 572 2527; x_wconf 81' lang='lat' dir='ltr'>red</span> <span class='ocrx_word' id='word_1_132' title='bbox 1201 2465 1204 2472; x_wconf 85' lang='grc'><strong><em>’</em></strong></span> 
     </span>
    </p>

    <p class='ocr_par' dir='ltr' id='par_1_8' title="bbox 157 2547 1264 2810">
     <span class='ocr_line' id='line_1_20' title="bbox 199 2547 1262 2631; baseline -0.001 -16"><span class='ocrx_word' id='word_1_133' title='bbox 199 2548 261 2615; x_wconf 89' lang='lat' dir='ltr'>Illa</span> <span class='ocrx_word' id='word_1_134' title='bbox 292 2547 463 2614; x_wconf 88' lang='lat' dir='ltr'>difficultas</span> <span class='ocrx_word' id='word_1_135' title='bbox 485 2547 682 2614; x_wconf 85' lang='lat' dir='ltr'>doctissimos</span> <span class='ocrx_word' id='word_1_136' title='bbox 705 2551 799 2628; x_wconf 89' lang='lat' dir='ltr'>viros,</span> <span class='ocrx_word' id='word_1_137' title='bbox 825 2550 1025 2631; x_wconf 87' lang='lat' dir='ltr'>Salmasium,</span> <span class='ocrx_word' id='word_1_138' title='bbox 1049 2549 1262 2629; x_wconf 88' lang='lat' dir='ltr'>Gronovium,</span> 
     </span>
     <span class='ocr_line' id='line_1_21' title="bbox 159 2631 1264 2716; baseline 0.005 -18"><span class='ocrx_word' id='word_1_139' title='bbox 159 2631 349 2715; x_wconf 90' lang='lat' dir='ltr'>Kusterum,</span> <span class='ocrx_word' id='word_1_140' title='bbox 366 2635 576 2714; x_wconf 86' lang='lat' dir='ltr'>Perizonium,</span> <span class='ocrx_word' id='word_1_141' title='bbox 592 2659 656 2701; x_wconf 94' lang='lat' dir='ltr'>non</span> <span class='ocrx_word' id='word_1_142' title='bbox 673 2637 875 2702; x_wconf 87' lang='lat' dir='ltr'>mediocriter</span> <span class='ocrx_word' id='word_1_143' title='bbox 897 2638 1052 2716; x_wconf 84' lang='lat' dir='ltr'>exercuit,</span> <span class='ocrx_word' id='word_1_144' title='bbox 1067 2651 1099 2702; x_wconf 92' lang='lat' dir='ltr'>et</span> <span class='ocrx_word' id='word_1_145' title='bbox 1113 2637 1146 2702; x_wconf 89' lang='lat' dir='ltr'>in</span> <span class='ocrx_word' id='word_1_146' title='bbox 1161 2639 1264 2702; x_wconf 84' lang='lat' dir='ltr'>varias</span> 
     </span>
     <span class='ocr_line' id='line_1_22' title="bbox 157 2723 1263 2810; baseline 0 -22"><span class='ocrx_word' id='word_1_147' title='bbox 157 2723 251 2788; x_wconf 89' lang='lat' dir='ltr'>scidit</span> <span class='ocrx_word' id='word_1_148' title='bbox 266 2723 454 2788; x_wconf 83' lang='lat' dir='ltr'>sententias:</span> <span class='ocrx_word' id='word_1_149' title='bbox 477 2745 554 2809; x_wconf 87' lang='lat' dir='ltr'>quas</span> <span class='ocrx_word' id='word_1_150' title='bbox 570 2735 719 2788; x_wconf 84' lang='lat' dir='ltr'>tractatas</span> <span class='ocrx_word' id='word_1_151' title='bbox 730 2726 784 2810; x_wconf 91' lang='lat' dir='ltr'>qui</span> <span class='ocrx_word' id='word_1_152' title='bbox 800 2724 907 2788; x_wconf 87' lang='lat' dir='ltr'>videre</span> <span class='ocrx_word' id='word_1_153' title='bbox 922 2724 1069 2805; x_wconf 87' lang='lat' dir='ltr'>voluerit,</span> <span class='ocrx_word' id='word_1_154' title='bbox 1084 2724 1176 2788; x_wconf 86' lang='lat' dir='ltr'>adeat</span> <span class='ocrx_word' id='word_1_155' title='bbox 1187 2723 1263 2788; x_wconf 91' lang='lat' dir='ltr'>Dis·</span> 
     </span>
    </p>
   </div>
   <div class='ocr_carea' id='block_1_7' title="bbox 157 2807 1263 2876">
    <p class='ocr_par' dir='ltr' id='par_1_9' title="bbox 157 2807 1263 2876">
     <span class='ocr_line' id='line_1_23' title="bbox 157 2807 1263 2876; baseline 0.002 -2"><span class='ocrx_word' id='word_1_156' title='bbox 157 2810 362 2875; x_wconf 76' lang='lat' dir='ltr'>certationem</span> <span class='ocrx_word' id='word_1_157' title='bbox 372 2807 577 2874; x_wconf 86' lang='lat' dir='ltr'>eruditissimi</span> <span class='ocrx_word' id='word_1_158' title='bbox 587 2824 619 2874; x_wconf 91' lang='lat' dir='ltr'>et</span> <span class='ocrx_word' id='word_1_159' title='bbox 628 2811 799 2875; x_wconf 91' lang='lat' dir='ltr'>acutissimi</span> <span class='ocrx_word' id='word_1_160' title='bbox 808 2811 866 2876; x_wconf 87' lang='lat' dir='ltr'>viri</span> <span class='ocrx_word' id='word_1_161' title='bbox 876 2809 943 2876; x_wconf 86' lang='lat' dir='ltr'>Jac.</span> <span class='ocrx_word' id='word_1_162' title='bbox 957 2811 1115 2876; x_wconf 89' lang='lat' dir='ltr'>Perizonii</span> <span class='ocrx_word' id='word_1_163' title='bbox 1126 2810 1167 2876; x_wconf 91' lang='lat' dir='ltr'>de</span> <span class='ocrx_word' id='word_1_164' title='bbox 1178 2809 1263 2876; x_wconf 87' lang='lat' dir='ltr'>AEre</span> 
     </span>
    </p>
   </div>
   <div class='ocr_carea' id='block_1_8' title="bbox 570 2476 665 2528">
    <p class='ocr_par' dir='ltr' id='par_1_10' title="bbox 570 2476 665 2528">
     <span class='ocr_line' id='line_1_24' title="bbox 570 2476 665 2528; baseline 0.021 -2"><span class='ocrx_word' id='word_1_165' title='bbox 570 2476 665 2528; x_wconf 73' lang='lat' dir='ltr'>actuo.</span> 
     </span>
    </p>
   </div>
   <div class='ocr_carea' id='block_1_9' title="bbox 155 2895 1487 4284">
    <p class='ocr_par' dir='ltr' id='par_1_11' title="bbox 155 2895 1487 4284">
     <span class='ocr_line' id='line_1_25' title="bbox 157 2895 1263 2983; baseline 0.002 -23"><span class='ocrx_word' id='word_1_166' title='bbox 157 2897 268 2983; x_wconf 85' lang='lat' dir='ltr'>gravi:</span> <span class='ocrx_word' id='word_1_167' title='bbox 292 2895 326 2959; x_wconf 91' lang='lat' dir='ltr'>in</span> <span class='ocrx_word' id='word_1_168' title='bbox 342 2918 405 2982; x_wconf 90' lang='lat' dir='ltr'>qua</span> <span class='ocrx_word' id='word_1_169' title='bbox 419 2908 488 2968; x_wconf 84' lang='lat' dir='ltr'>tota</span> <span class='ocrx_word' id='word_1_170' title='bbox 501 2918 550 2961; x_wconf 88' lang='lat' dir='ltr'>res</span> <span class='ocrx_word' id='word_1_171' title='bbox 566 2909 711 2960; x_wconf 90' lang='lat' dir='ltr'>accurate</span> <span class='ocrx_word' id='word_1_172' title='bbox 732 2899 951 2982; x_wconf 83' lang='lat' dir='ltr'>perpenditur,</span> <span class='ocrx_word' id='word_1_173' title='bbox 968 2920 1026 2962; x_wconf 87' lang='lat' dir='ltr'>nec</span> <span class='ocrx_word' id='word_1_174' title='bbox 1041 2912 1147 2964; x_wconf 89' lang='lat' dir='ltr'>tamen</span> <span class='ocrx_word' id='word_1_175' title='bbox 1170 2897 1263 2962; x_wconf 92' lang='lat' dir='ltr'>nobis</span> 
     </span>
     <span class='ocr_line' id='line_1_26' title="bbox 157 2981 1262 3071; baseline 0.002 -25"><span class='ocrx_word' id='word_1_176' title='bbox 157 2983 223 3047; x_wconf 86' lang='lat' dir='ltr'>visa</span> <span class='ocrx_word' id='word_1_177' title='bbox 237 2994 289 3047; x_wconf 91' lang='lat' dir='ltr'>est</span> <span class='ocrx_word' id='word_1_178' title='bbox 302 2981 396 3067; x_wconf 90' lang='lat' dir='ltr'>plane</span> <span class='ocrx_word' id='word_1_179' title='bbox 408 2981 450 3046; x_wconf 88' lang='lat' dir='ltr'>ad</span> <span class='ocrx_word' id='word_1_180' title='bbox 464 2981 620 3070; x_wconf 88' lang='lat' dir='ltr'>liquidum</span> <span class='ocrx_word' id='word_1_181' title='bbox 633 2982 776 3068; x_wconf 89' lang='lat' dir='ltr'>perduci,</span> <span class='ocrx_word' id='word_1_182' title='bbox 787 3006 854 3048; x_wconf 91' lang='lat' dir='ltr'>non</span> <span class='ocrx_word' id='word_1_183' title='bbox 869 2983 1033 3049; x_wconf 88' lang='lat' dir='ltr'>scribentis</span> <span class='ocrx_word' id='word_1_184' title='bbox 1048 2983 1135 3058; x_wconf 86' lang='lat' dir='ltr'>vitio,</span> <span class='ocrx_word' id='word_1_185' title='bbox 1152 2984 1184 3048; x_wconf 94' lang='lat' dir='ltr'>in</span> <span class='ocrx_word' id='word_1_186' title='bbox 1198 3007 1262 3071; x_wconf 93' lang='lat' dir='ltr'>quo</span> 
     </span>
     <span class='ocr_line' id='line_1_27' title="bbox 159 3068 1269 3157; baseline 0.007 -25"><span class='ocrx_word' id='word_1_187' title='bbox 159 3069 283 3157; x_wconf 86' lang='lat' dir='ltr'>ingenii</span> <span class='ocrx_word' id='word_1_188' title='bbox 304 3068 459 3156; x_wconf 87' lang='lat' dir='ltr'>sagacitas</span> <span class='ocrx_word' id='word_1_189' title='bbox 473 3080 571 3134; x_wconf 84' lang='lat' dir='ltr'>certat</span> <span class='ocrx_word' id='word_1_190' title='bbox 585 3091 657 3133; x_wconf 92' lang='lat' dir='ltr'>cum</span> <span class='ocrx_word' id='word_1_191' title='bbox 674 3069 816 3135; x_wconf 90' lang='lat' dir='ltr'>ubertate</span> <span class='ocrx_word' id='word_1_192' title='bbox 840 3069 1005 3150; x_wconf 74' lang='lat' dir='ltr'>doctrinm,</span> <span class='ocrx_word' id='word_1_193' title='bbox 1022 3071 1077 3136; x_wconf 89' lang='lat' dir='ltr'>sed</span> <span class='ocrx_word' id='word_1_194' title='bbox 1092 3070 1136 3135; x_wconf 94' lang='lat' dir='ltr'>ob</span> <span class='ocrx_word' id='word_1_195' title='bbox 1150 3069 1269 3140; x_wconf 61' lang='lat' dir='ltr'>densas⁴</span> 
     </span>
     <span class='ocr_line' id='line_1_28' title="bbox 157 3153 1262 3244; baseline 0.001 -25"><span class='ocrx_word' id='word_1_196' title='bbox 157 3156 305 3220; x_wconf 86' lang='lat' dir='ltr'>tenebras</span> <span class='ocrx_word' id='word_1_197' title='bbox 320 3155 365 3219; x_wconf 90' lang='lat' dir='ltr'>rei</span> <span class='ocrx_word' id='word_1_198' title='bbox 385 3177 481 3243; x_wconf 93' lang='lat' dir='ltr'>quum</span> <span class='ocrx_word' id='word_1_199' title='bbox 505 3156 734 3232; x_wconf 75' lang='lat' dir='ltr'>vetustissimae,</span> <span class='ocrx_word' id='word_1_200' title='bbox 757 3171 824 3220; x_wconf 91' lang='lat' dir='ltr'>tum</span> <span class='ocrx_word' id='word_1_201' title='bbox 848 3179 1002 3244; x_wconf 89' lang='lat' dir='ltr'>nusquam</span> <span class='ocrx_word' id='word_1_202' title='bbox 1026 3180 1067 3221; x_wconf 89' lang='lat' dir='ltr'>ex</span> <span class='ocrx_word' id='word_1_203' title='bbox 1089 3153 1228 3242; x_wconf 77' lang='lat' dir='ltr'>professo</span> <span class='ocrx_word' id='word_1_204' title='bbox 1243 3181 1262 3220; x_wconf 88' lang='lat' dir='ltr'>a</span> 
     </span>
     <span class='ocr_line' id='line_1_29' title="bbox 157 3241 1261 3328; baseline 0.003 -23"><span class='ocrx_word' id='word_1_205' title='bbox 157 3241 366 3328; x_wconf 83' lang='lat' dir='ltr'>scriptoribus</span> <span class='ocrx_word' id='word_1_206' title='bbox 389 3241 526 3328; x_wconf 88' lang='lat' dir='ltr'>antiquis</span> <span class='ocrx_word' id='word_1_207' title='bbox 541 3241 736 3326; x_wconf 63' lang='lat' dir='ltr'>disceptatae,</span> <span class='ocrx_word' id='word_1_208' title='bbox 751 3258 784 3308; x_wconf 89' lang='lat' dir='ltr'>et</span> <span class='ocrx_word' id='word_1_209' title='bbox 798 3243 831 3306; x_wconf 91' lang='lat' dir='ltr'>in</span> <span class='ocrx_word' id='word_1_210' title='bbox 847 3255 1028 3310; x_wconf 87' lang='lat' dir='ltr'>transcursu</span> <span class='ocrx_word' id='word_1_211' title='bbox 1051 3257 1173 3310; x_wconf 88' lang='lat' dir='ltr'>tantum</span> <span class='ocrx_word' id='word_1_212' title='bbox 1189 3245 1261 3309; x_wconf 86' lang='lat' dir='ltr'>bre·</span> 
     </span>
     <span class='ocr_line' id='line_1_30' title="bbox 158 3327 713 3414; baseline -0.004 -20"><span class='ocrx_word' id='word_1_213' title='bbox 158 3329 235 3396; x_wconf 86' lang='lat' dir='ltr'>viter</span> <span class='ocrx_word' id='word_1_214' title='bbox 250 3327 293 3394; x_wconf 84' lang='lat' dir='ltr'>ab</span> <span class='ocrx_word' id='word_1_215' title='bbox 308 3329 347 3392; x_wconf 95' lang='lat' dir='ltr'>iis</span> <span class='ocrx_word' id='word_1_216' title='bbox 360 3327 542 3414; x_wconf 84' lang='lat' dir='ltr'>raptimque</span> <span class='ocrx_word' id='word_1_217' title='bbox 556 3327 713 3394; x_wconf 87' lang='lat' dir='ltr'>indicatae.</span> 
     </span>
     <span class='ocr_line' id='line_1_31' title="bbox 198 3405 1259 3502; baseline -0.002 -21"><span class='ocrx_word' id='word_1_218' title='bbox 198 3417 239 3481; x_wconf 94' lang='lat' dir='ltr'>In</span> <span class='ocrx_word' id='word_1_219' title='bbox 260 3415 324 3482; x_wconf 85' lang='lat' dir='ltr'>hac</span> <span class='ocrx_word' id='word_1_220' title='bbox 344 3413 536 3479; x_wconf 89' lang='lat' dir='ltr'>obscuritate</span> <span class='ocrx_word' id='word_1_221' title='bbox 557 3415 713 3500; x_wconf 89' lang='lat' dir='ltr'>dispicere</span> <span class='ocrx_word' id='word_1_222' title='bbox 734 3437 887 3482; x_wconf 85' lang='lat' dir='ltr'>conemur</span> <span class='ocrx_word' id='word_1_223' title='bbox 907 3418 1058 3502; x_wconf 90' lang='lat' dir='ltr'>primum,</span> <span class='ocrx_word' id='word_1_224' title='bbox 1082 3437 1157 3480; x_wconf 91' lang='lat' dir='ltr'>num</span> <span class='ocrx_word' id='word_1_225' title='bbox 1181 3405 1259 3502; x_wconf 79' lang='lat' dir='ltr'>qu&#39;id</span> 
     </span>
     <span class='ocr_line' id='line_1_32' title="bbox 158 3499 1260 3588; baseline -0.001 -21"><span class='ocrx_word' id='word_1_226' title='bbox 158 3525 214 3588; x_wconf 88' lang='lat' dir='ltr'>pro</span> <span class='ocrx_word' id='word_1_227' title='bbox 229 3501 321 3568; x_wconf 84' lang='lat' dir='ltr'>claro</span> <span class='ocrx_word' id='word_1_228' title='bbox 341 3499 463 3580; x_wconf 80' lang='lat' dir='ltr'>heberi,</span> <span class='ocrx_word' id='word_1_229' title='bbox 479 3516 511 3566; x_wconf 90' lang='lat' dir='ltr'>et</span> <span class='ocrx_word' id='word_1_230' title='bbox 525 3515 613 3566; x_wconf 81' lang='lat' dir='ltr'>extra</span> <span class='ocrx_word' id='word_1_231' title='bbox 634 3503 881 3568; x_wconf 84' lang='lat' dir='ltr'>controversiam</span> <span class='ocrx_word' id='word_1_232' title='bbox 896 3527 962 3568; x_wconf 88' lang='lat' dir='ltr'>esse</span> <span class='ocrx_word' id='word_1_233' title='bbox 977 3503 1101 3580; x_wconf 88' lang='lat' dir='ltr'>debeat,</span> <span class='ocrx_word' id='word_1_234' title='bbox 1117 3515 1212 3586; x_wconf 86' lang='lat' dir='ltr'>utque</span> <span class='ocrx_word' id='word_1_235' title='bbox 1228 3502 1260 3566; x_wconf 91' lang='lat' dir='ltr'>id</span> 
     </span>
     <span class='ocr_line' id='line_1_33' title="bbox 158 3586 1258 3678; baseline -0.004 -23"><span class='ocrx_word' id='word_1_236' title='bbox 158 3603 330 3668; x_wconf 80' lang='lat' dir='ltr'>teneamus,</span> <span class='ocrx_word' id='word_1_237' title='bbox 346 3586 434 3653; x_wconf 82' lang='lat' dir='ltr'>stab</span> <span class='ocrx_word' id='word_1_238' title='bbox 455 3609 494 3652; x_wconf 89' lang='lat' dir='ltr'>eo</span> <span class='ocrx_word' id='word_1_239' title='bbox 516 3587 602 3674; x_wconf 92' lang='lat' dir='ltr'>quod</span> <span class='ocrx_word' id='word_1_240' title='bbox 624 3588 743 3676; x_wconf 88' lang='lat' dir='ltr'>ambigi</span> <span class='ocrx_word' id='word_1_241' title='bbox 758 3601 789 3654; x_wconf 92' lang='lat' dir='ltr'>et</span> <span class='ocrx_word' id='word_1_242' title='bbox 802 3612 860 3674; x_wconf 90' lang='lat' dir='ltr'>per</span> <span class='ocrx_word' id='word_1_243' title='bbox 881 3589 1053 3678; x_wconf 86' lang='lat' dir='ltr'>malignam</span> <span class='ocrx_word' id='word_1_244' title='bbox 1068 3589 1180 3653; x_wconf 86' lang='lat' dir='ltr'>&#39;lucem</span> <span class='ocrx_word' id='word_1_245' title='bbox 1203 3589 1258 3652; x_wconf 89' lang='lat' dir='ltr'>vix</span> 
     </span>
     <span class='ocr_line' id='line_1_34' title="bbox 158 3677 603 3762; baseline -0.007 -20"><span class='ocrx_word' id='word_1_246' title='bbox 158 3677 271 3762; x_wconf 91' lang='lat' dir='ltr'>dispici</span> <span class='ocrx_word' id='word_1_247' title='bbox 284 3686 391 3760; x_wconf 87' lang='lat' dir='ltr'>potest</span> <span class='ocrx_word' id='word_1_248' title='bbox 405 3696 603 3761; x_wconf 89' lang='lat' dir='ltr'>seponamus.</span> 
     </span>
     <span class='ocr_line' id='line_1_35' title="bbox 197 3759 1392 3862; baseline -0.002 -34"><span class='ocrx_word' id='word_1_249' title='bbox 197 3765 336 3828; x_wconf 85' lang='lat' dir='ltr'>Constat</span> <span class='ocrx_word' id='word_1_250' title='bbox 350 3767 389 3826; x_wconf 85' lang='lat'>1⁰.</span> <span class='ocrx_word' id='word_1_251' title='bbox 405 3760 526 3847; x_wconf 88' lang='lat' dir='ltr'>quoties</span> <span class='ocrx_word' id='word_1_252' title='bbox 537 3759 705 3846; x_wconf 86' lang='lat' dir='ltr'>scriptores</span> <span class='ocrx_word' id='word_1_253' title='bbox 721 3761 860 3828; x_wconf 86' lang='lat' dir='ltr'>Romani</span> <span class='ocrx_word' id='word_1_254' title='bbox 871 3761 912 3828; x_wconf 91' lang='lat' dir='ltr'>de</span> <span class='ocrx_word' id='word_1_255' title='bbox 927 3777 1032 3828; x_wconf 88' lang='lat' dir='ltr'>vetere</span> <span class='ocrx_word' id='word_1_256' title='bbox 1046 3761 1102 3826; x_wconf 95' lang='lat' dir='ltr'>illo</span> <span class='ocrx_word' id='word_1_257' title='bbox 1117 3776 1189 3826; x_wconf 81' lang='lat' dir='ltr'>ante</span> <span class='ocrx_word' id='word_1_258' title='bbox 1201 3767 1259 3826; x_wconf 92' lang='lat' dir='ltr'>im·</span> <span class='ocrx_word' id='word_1_259' title='bbox 1267 3797 1310 3844; x_wconf 59' lang='grc' dir='ltr'>Ε,</span> <span class='ocrx_word' id='word_1_260' title='bbox 1319 3813 1392 3862; x_wconf 62' lang='lat' dir='ltr'>grin</span> 
     </span>
     <span class='ocr_line' id='line_1_36' title="bbox 157 3845 1487 3934; baseline 0 -19"><span class='ocrx_word' id='word_1_261' title='bbox 157 3851 316 3916; x_wconf 90' lang='lat' dir='ltr'>minutum</span> <span class='ocrx_word' id='word_1_262' title='bbox 327 3845 446 3912; x_wconf 85' lang='lat' dir='ltr'>assium</span> <span class='ocrx_word' id='word_1_263' title='bbox 458 3845 583 3930; x_wconf 89' lang='lat' dir='ltr'>pondus</span> <span class='ocrx_word' id='word_1_264' title='bbox 595 3870 664 3912; x_wconf 83' lang='lat' dir='ltr'>aevo</span> <span class='ocrx_word' id='word_1_265' title='bbox 675 3849 839 3934; x_wconf 87' lang='lat' dir='ltr'>loquentes</span> <span class='ocrx_word' id='word_1_266' title='bbox 853 3852 1044 3914; x_wconf 92' lang='lat' dir='ltr'>mentionem</span> <span class='ocrx_word' id='word_1_267' title='bbox 1057 3847 1174 3912; x_wconf 85' lang='lat' dir='ltr'>iaciunt</span> <span class='ocrx_word' id='word_1_268' title='bbox 1187 3849 1259 3913; x_wconf 83' lang='lat' dir='ltr'>aeris</span> <span class='ocrx_word' id='word_1_269' title='bbox 1268 3867 1404 3928; x_wconf 74' lang='lat' dir='ltr'>antiquiore</span> <span class='ocrx_word' id='word_1_270' title='bbox 1483 3907 1487 3914; x_wconf 89' lang='lat'><em>.</em></span> 
     </span>
     <span class='ocr_line' id='line_1_37' title="bbox 192 3931 1396 4020; baseline 0 -18"><span class='ocrx_word' id='word_1_271' title='bbox 192 3939 268 4015; x_wconf 87' lang='lat' dir='ltr'>avis,</span> <span class='ocrx_word' id='word_1_272' title='bbox 277 3933 381 4000; x_wconf 89' lang='lat' dir='ltr'>intelli</span> <span class='ocrx_word' id='word_1_273' title='bbox 406 3931 503 3998; x_wconf 88' lang='lat' dir='ltr'>eudos</span> <span class='ocrx_word' id='word_1_274' title='bbox 512 3955 579 3998; x_wconf 86' lang='lat' dir='ltr'>esse</span> <span class='ocrx_word' id='word_1_275' title='bbox 588 3956 669 3998; x_wconf 89' lang='lat' dir='ltr'>asses</span> <span class='ocrx_word' id='word_1_276' title='bbox 678 3933 815 3998; x_wconf 84' lang='lat' dir='ltr'>librales.</span> <span class='ocrx_word' id='word_1_277' title='bbox 847 3935 923 4000; x_wconf 92' lang='lat' dir='ltr'>Hoc</span> <span class='ocrx_word' id='word_1_278' title='bbox 933 3936 1070 4020; x_wconf 88' lang='lat' dir='ltr'>probant</span> <span class='ocrx_word' id='word_1_279' title='bbox 1082 3935 1261 4002; x_wconf 88' lang='lat' dir='ltr'>testimonia</span> <span class='ocrx_word' id='word_1_280' title='bbox 1269 3945 1319 4008; x_wconf 57' lang='grc' dir='ltr'>Ψ</span> <span class='ocrx_word' id='word_1_281' title='bbox 1331 3947 1396 3980; x_wconf 70' lang='lat'><strong>⁸¹⁸²·</strong></span> 
     </span>
     <span class='ocr_line' id='line_1_38' title="bbox 184 3997 1369 4108; baseline 0 -20"><span class='ocrx_word' id='word_1_282' title='bbox 184 4023 262 4108; x_wconf 78' lang='lat' dir='ltr'>linii,</span> <span class='ocrx_word' id='word_1_283' title='bbox 280 4023 303 4088; x_wconf 89' lang='lat' dir='ltr'>l.</span> <span class='ocrx_word' id='word_1_284' title='bbox 319 4019 356 4086; x_wconf 94' lang='lat' dir='ltr'>X</span> <span class='ocrx_word' id='word_1_285' title='bbox 433 4018 498 4082; x_wconf 93' lang='grc' dir='ltr'><strong>ΙΙΙ.</strong></span> <span class='ocrx_word' id='word_1_286' title='bbox 514 4041 543 4088; x_wconf 87' lang='lat' dir='ltr'>c.</span> <span class='ocrx_word' id='word_1_287' title='bbox 560 4029 589 4086; x_wconf 73' lang='grc'>3.</span> <span class='ocrx_word' id='word_1_288' title='bbox 605 4032 637 4085; x_wconf 90' lang='lat' dir='ltr'>et</span> <span class='ocrx_word' id='word_1_289' title='bbox 652 4019 738 4086; x_wconf 87' lang='lat' dir='ltr'>Festi</span> <span class='ocrx_word' id='word_1_290' title='bbox 752 4021 785 4084; x_wconf 92' lang='lat' dir='ltr'>in</span> <span class='ocrx_word' id='word_1_291' title='bbox 801 4043 878 4085; x_wconf 91' lang='lat' dir='ltr'>voce</span> <span class='ocrx_word' id='word_1_292' title='bbox 901 4023 1004 4086; x_wconf 86' lang='lat' dir='ltr'>Grave</span> <span class='ocrx_word' id='word_1_293' title='bbox 1020 4044 1069 4086; x_wconf 84' lang='lat' dir='ltr'>aes.</span> <span class='ocrx_word' id='word_1_294' title='bbox 1118 3997 1369 4088; x_wconf 70' lang='lat' dir='ltr'>Plinium¹¹¹³“¹⁸¹·</span> 
     </span>
     <span class='ocr_line' id='line_1_39' title="bbox 158 4101 1259 4191; baseline -0.002 -15"><span class='ocrx_word' id='word_1_295' title='bbox 158 4101 331 4176; x_wconf 84' lang='lat' dir='ltr'>audiamus.</span> <span class='ocrx_word' id='word_1_296' title='bbox 378 4105 527 4183; x_wconf 72' lang='lat' dir='ltr'>Librates,</span> <span class='ocrx_word' id='word_1_297' title='bbox 544 4106 576 4169; x_wconf 93' lang='lat' dir='ltr'>in</span> <span class='ocrx_word' id='word_1_298' title='bbox 601 4107 657 4187; x_wconf 90' lang='lat' dir='ltr'>uit,</span> <span class='ocrx_word' id='word_1_299' title='bbox 668 4107 924 4191; x_wconf 80' lang='lat' dir='ltr'>appendebantur</span> <span class='ocrx_word' id='word_1_300' title='bbox 937 4131 1026 4173; x_wconf 84' lang='lat' dir='ltr'>asses.</span> <span class='ocrx_word' id='word_1_301' title='bbox 1074 4111 1178 4182; x_wconf 82' lang='lat' dir='ltr'>Quare</span> <span class='ocrx_word' id='word_1_302' title='bbox 1192 4113 1259 4174; x_wconf 81' lang='lat' dir='ltr'>ceris</span> 
     </span>
     <span class='ocr_line' id='line_1_40' title="bbox 155 4129 1259 4284; baseline 0.001 -28"><span class='ocrx_word' id='word_1_303' title='bbox 155 4200 254 4282; x_wconf 71' lang='lat' dir='ltr'>gravis</span> <span class='ocrx_word' id='word_1_304' title='bbox 262 4216 361 4284; x_wconf 75' lang='lat' dir='ltr'>poerra</span> <span class='ocrx_word' id='word_1_305' title='bbox 375 4192 468 4256; x_wconf 83' lang='lat' dir='ltr'>dicta.</span> <span class='ocrx_word' id='word_1_306' title='bbox 491 4129 696 4258; x_wconf 83' lang='lat' dir='ltr'>Manilestum</span> <span class='ocrx_word' id='word_1_307' title='bbox 709 4206 755 4258; x_wconf 90' lang='lat' dir='ltr'>est</span> <span class='ocrx_word' id='word_1_308' title='bbox 767 4217 786 4257; x_wconf 90' lang='lat' dir='ltr'>a</span> <span class='ocrx_word' id='word_1_309' title='bbox 799 4193 904 4258; x_wconf 92' lang='lat' dir='ltr'>Plinio</span> <span class='ocrx_word' id='word_1_310' title='bbox 915 4194 1032 4279; x_wconf 87' lang='lat' dir='ltr'>exponi</span> <span class='ocrx_word' id='word_1_311' title='bbox 1044 4216 1085 4258; x_wconf 80' lang='lat' dir='ltr'>crs</span> <span class='ocrx_word' id='word_1_312' title='bbox 1092 4218 1190 4278; x_wconf 80' lang='lat' dir='ltr'>grave</span> <span class='ocrx_word' id='word_1_313' title='bbox 1201 4218 1259 4280; x_wconf 87' lang='lat' dir='ltr'>per</span> 
     </span>
    </p>
   </div>
   <div class='ocr_carea' id='block_1_10' title="bbox 155 4275 1259 4374">
    <p class='ocr_par' dir='ltr' id='par_1_12' title="bbox 155 4275 1259 4374">
     <span class='ocr_line' id='line_1_41' title="bbox 155 4275 1259 4374; baseline -0.008 -22"><span class='ocrx_word' id='word_1_314' title='bbox 155 4285 273 4374; x_wconf 77' lang='lat' dir='ltr'>librales</span> <span class='ocrx_word' id='word_1_315' title='bbox 296 4275 387 4370; x_wconf 73' lang='lat' dir='ltr'>osset.</span> <span class='ocrx_word' id='word_1_316' title='bbox 442 4279 602 4345; x_wconf 89' lang='lat' dir='ltr'>Disertius</span> <span class='ocrx_word' id='word_1_317' title='bbox 624 4278 729 4344; x_wconf 91' lang='lat' dir='ltr'>adhuc</span> <span class='ocrx_word' id='word_1_318' title='bbox 756 4279 883 4346; x_wconf 85' lang='lat' dir='ltr'>Festus:</span> <span class='ocrx_word' id='word_1_319' title='bbox 919 4279 1025 4345; x_wconf 82' lang='lat' dir='ltr'>Grave</span> <span class='ocrx_word' id='word_1_320' title='bbox 1046 4303 1087 4344; x_wconf 81' lang='lat' dir='ltr'>ces</span> <span class='ocrx_word' id='word_1_321' title='bbox 1109 4282 1217 4344; x_wconf 82' lang='lat' dir='ltr'>dictum</span> <span class='ocrx_word' id='word_1_322' title='bbox 1239 4305 1259 4343; x_wconf 84' lang='lat' dir='ltr'>a</span> 
     </span>
    </p>
   </div>
   <div class='ocr_carea' id='block_1_11' title="bbox 0 0 1532 4976">
    <p class='ocr_par' dir='ltr' id='par_1_13' title="bbox 0 0 1532 4976">
     <span class='ocr_line' id='line_1_42' title="bbox 0 0 1532 4976; baseline 0 2"><span class='ocrx_word' id='word_1_323' title='bbox 0 0 1532 4976; x_wconf 95' lang='lat' dir='ltr'> </span> 
     </span>
    </p>
   </div>
  </div>
 </body>
</html>
