3056 4976
460 221 662 285 mnam.
690 223 940 284 esnxxvn.
1118 179 1120 191 ¹
1186 229 1220 284 ss

161 409 213 453 res
229 388 261 454 in
276 375 374 466 circo,
389 401 420 452 et
434 387 530 452 ⁸8ova
544 387 584 454 ad
600 399 690 452 notus
709 373 882 452 curriculis
894 379 1107 463 numerandis,
1121 383 1189 452 ”et
1205 389 1262 450 *u
1274 404 1303 451 c.
1313 407 1369 467 ⁶7⁸·

161 474 246 550 dam,
262 487 294 540 et
313 487 413 538 metus
427 486 514 538 trans
529 482 549 522 *
565 486 597 538 et
618 497 728 538 caveas
749 473 864 538 ferreas
885 495 926 559 pe
942 483 961 520 n
977 470 1261 538 intromistmnm
1274 470 1300 516 a
1316 473 1370 518 trs.

161 573 214 624 tur
230 565 247 600 ¹
262 560 371 644 ferreis
385 559 410 603 ⁴⁰
421 561 453 624 iu
468 573 575 624 monte
589 561 720 639 Albano
742 560 932 638 consulibus,
949 574 981 624 et
994 559 1110 624 clivum
1127 560 1224 644 Capi·

160 647 296 712 tolinum
313 647 400 710 silica
415 646 618 710 sternendum
634 659 834 722 curaverunt,
847 659 878 710 et
891 646 916 685 ⁴¹
926 646 1084 732 porticum
1099 645 1140 710 ab
1156 646 1225 740 sede

162 734 292 798 Saturni
313 733 346 796 in
370 733 565 814 Capitolium
588 733 629 796 nd
652 733 843 808 senaculum,
861 753 897 796 ac
918 755 1014 818 super
1036 732 1068 796 id
1090 733 1222 797 curiam.

161 819 204 882 Et
219 833 313 884 extra
336 832 458 903 portam
483 817 699 906 Trigeminam
724 819 900 902 emporium
917 818 1023 903 lapide
1036 831 1224 898 straverunt,

160 905 381 990 stipitibusque
399 919 563 986 sepserunt
573 928 586 969 ε·
605 918 637 969 et
659 905 815 991 porticum
836 905 1000 968 AEmiliam
1021 903 1223 970 reficiendam

160 1004 330 1055 curarunt:
349 991 565 1078 gradibusque
575 990 761 1056 adscensum
774 995 814 1054 ab
827 991 938 1054 Tiberi
948 991 980 1054 in
992 990 1222 1076 emporiumfe-

159 1092 281 1142 cerunt.
303 1092 335 1141 et
357 1079 616 1142 extra-eamdem
638 1089 764 1162 portam
790 1077 823 1140 in
849 1078 1040 1141 Aventinum
1063 1078 1222 1160 porticum

160 1163 246 1228 silice
268 1171 457 1238 straverunt,
473 1161 540 1227 4ἐτ
562 1186 600 1227 eo
623 1163 751 1246 publico
772 1163 814 1226 ab
835 1163 905 1227 aede
921 1163 1055 1228 Veneris
1070 1163 1224 1228 fecerunt.

98 1245 106 1254 ’
162 1250 263 1314 Iidem
281 1249 414 1314 Calatiae
430 1263 461 1312 et
477 1250 607 1313 Auximi
623 1271 729 1313 muros
750 1248 909 1313 faciendos
923 1249 1124 1313 locaverunt:
1146 1271 1223 1313 ven·

160 1335 297 1421 ditisque
317 1335 362 1399 ibi
384 1335 520 1419 publicis
541 1335 629 1412 locis,
646 1336 823 1419 pecuniam,
841 1359 912 1421 quae
934 1336 1060 1400 redacta
1082 1348 1157 1412 erat,
1173 1349 1222 1400 ta-

159 1421 267 1486 bernis
284 1423 410 1507 utrique
424 1421 494 1484 loro
513 1421 746 1485 circumdandis
767 1434 1016 1486 consumserunt.
1038 1435 1071 1486 et
1086 1421 1164 1486 alter
1178 1443 1220 1487 ex

159 1509 198 1572 iis
216 1507 345 1572 Fulvius
364 1507 497 1571 Flaccus
515 1509 601 1588 (nam
627 1507 805 1588 Postumius
828 1507 918 1590 nihil,
934 1509 994 1572 nisi
1009 1521 1136 1572 senatus
1153 1508 1221 1572 Ro·
1295 1519 1298 1526 “

160 1595 246 1657 mani
274 1593 425 1678 populive
448 1594 550 1680 jussu,
573 1617 606 1656 se
631 1594 807 1658 locaturum
830 1594 856 1632 ⁴³
864 1596 1005 1677 ipsorum
1034 1595 1169 1679 pecunia
1190 1595 1221 1676 ¹¹)

157 1680 246 1744 Jovis
260 1680 362 1744 aedern
382 1679 515 1764 Pisauri,
531 1693 563 1744 et
579 1679 711 1756 Fundis,
722 1679 793 1748 ,⁴⁴ct
810 1679 977 1744 Pollentiae
997 1681 1090 1746 etiam
1105 1701 1221 1766 aquam

158 1765 390 1840 adducendam,
407 1779 437 1829 et
458 1766 578 1829 Pisauri
602 1767 683 1830 viam
706 1766 792 1830 silice
814 1767 1023 1842 sternendam,
1039 1765 1105 1831 ⁴⁵et
1126 1768 1222 1832 Sinu-

158 1859 257 1916 essam
280 1876 300 1916 a
321 1873 361 1938 ga
374 1853 391 1888 '¹
406 1853 543 1916 aviariae.
588 1854 624 1916 ln
649 1852 696 1916 bis
718 1866 750 1916 et
771 1853 821 1916 clo
836 1852 854 1886 ¹*
869 1873 923 1916 um
946 1852 1221 1918 circumducend*

158 1952 190 2003 et
216 1942 320 2003 forum
347 1937 522 2023 porticibus
546 1937 746 2026 tabernisque
776 1938 999 2020 claudendum,
1028 1953 1060 2004 ct
1087 1938 1221 2005 ⁴⁶Janos

179 2118 223 2158 ‘as
244 2113 294 2158 Osa
314 2112 432 2159 ad‘nstas
449 2112 575 2160 enmiesls's
593 2125 674 2160 name·
706 2113 768 2160 clivo
787 2114 923 2176 capitolino
942 2116 976 2162 ad
988 2115 1135 2173 senaculum,
1152 2123 1223 2178 atque

158 2177 254 2238 sunds's]
277 2178 344 2224 Prius
361 2180 482 2240 legebatur
502 2179 673 2225 numerandus:
706 2180 735 2237 sd
747 2182 840 2226 nariam
851 2195 902 2240 qun
913 2185 950 2227 ast
960 2196 1031 2242 snper
1040 2181 1067 2228 s'd
1077 2182 1222 2229 senaculum.

158 2243 227 2289 male.
261 2243 398 2290 Mendossm
417 2257 510 2303 quoque
527 2258 577 2290 esse
595 2258 674 2291 vocem
707 2246 784 2291 Possis
801 2253 825 2291 et
842 2259 894 2292 cum
910 2247 1110 2306 Justoltycquio,
1122 2246 1181 2292 libro
1193 2247 1222 2290 de

159 2314 228 2354 nutas
235 2309 328 2366 iudicat
339 2309 408 2355 Pulv.
419 2309 530 2364 Ursinus,
542 2323 569 2354 ac
580 2309 676 2372 reponit
709 2311 786 2369 Capit.
801 2323 821 2357 c.
839 2316 879 2356 84.
894 2310 970 2371 legere
987 2318 1011 2357 et
1022 2311 1173 2356 senaculum.-
1193 2315 1223 2356 ut

157 2373 273 2432 probabili
285 2374 421 2432 corrjeotura
431 2380 514 2420 nsetas.
546 2374 673 2420 Orsenim
706 2387 788 2420 sensus
799 2376 832 2420 sit
850 2375 966 2434 pertinum
983 2375 1014 2422 ab
1030 2377 1078 2420 ade
1089 2375 1185 2421 Saturni
1196 2376 1222 2421 iu

158 2439 207 2494 illa,
227 2453 242 2484 e
257 2439 328 2498 'ligno
349 2438 470 2490 fabricata.
491 2439 674 2498 imponebantur
707 2439 861 2499 Capitulium,
880 2439 903 2484 id
922 2445 967 2496 est,
982 2441 1008 2486 in
1021 2440 1135 2500 templum
1155 2440 1222 2486 lovis

158 2505 284 2558 columnis,
306 2503 432 2564 aliquando
455 2502 528 2560 binis,
547 2503 675 2563 aliquando
706 2503 845 2563 Capitolini,
867 2509 1008 2564 porrectam,
1031 2509 1056 2550 et
1075 2504 1222 2561 senaculum,

158 2570 289 2628 quaternis,
300 2570 328 2614 ad
341 2575 414 2614 metas
427 2568 488 2614 Circi
500 2570 605 2616 statutis.
626 2568 675 2614 Tot
706 2574 731 2614 et
742 2569 841 2625 curiam,
851 2569 929 2616 locata
939 2583 990 2616 esse
1004 2584 1020 2616 a
1036 2568 1172 2615 censoribus
1189 2571 1223 2616 la·

158 2634 675 2693 illserautuumero,quotcurriculaersnt
707 2634 761 2695 pide
783 2634 848 2680 silius
868 2635 1000 2681 smrneuda
1032 2636 1104 2682 Porro
1125 2649 1224 2681 mansa

156 2699 302 2760 peragenda:
326 2704 423 2759 septena
438 2697 545 2758 proinde,
559 2707 587 2746 ut
602 2699 676 2760 pluri·
707 2701 767 2756 lam,
780 2700 829 2746 sive
839 2701 983 2757 senatulum,
995 2700 1040 2746 hoe
1055 2700 1118 2746 enim
1130 2713 1224 2758 quoque
1241 2745 1245 2758 ,

157 2778 233 2822 mum,
255 2779 298 2826 pro
321 2769 419 2825 septeno
441 2763 610 2811 curdculorum
630 2778 674 2810 nu·
707 2765 778 2812 modo
797 2765 916 2822 scribitur,
928 2771 973 2822 est,
986 2759 1046 2811 teste
1063 2765 1145 2820 Festo,
1158 2767 1223 2811 locus

157 2842 234 2888 mero,
247 2829 287 2890 qui
303 2831 407 2884 solennis
423 2829 593 2876 maximeerat·
624 2829 674 2875 Psi·
707 2831 733 2876 iu
751 2842 797 2890 quo
814 2837 912 2876 senatus
928 2829 1010 2877 lateri
1025 2831 1096 2886 solet,
1117 2830 1166 2876 site
1181 2843 1224 2891 po·

156 2908 197 2940 mo
216 2895 333 2942 curnculo
352 2899 456 2956 peracto,
477 2906 550 2940 uuum
573 2907 644 2941 ovum
662 2909 675 2939 e
706 2896 765 2952 tius,
778 2897 805 2941 in
816 2907 860 2957 qao
875 2895 978 2942 solebant
992 2895 1151 2956 magistratus
1165 2895 1224 2943 dun·

158 2960 236 3008 medio
262 2961 401 3019 tollebatur,
429 2961 533 3006 secundo
558 2960 675 3006 curriculo
707 2967 779 3008 tanat
796 2975 849 3006 rum
866 2961 995 3008 senioribus
1008 2961 1142 3008 deliberare·
1177 2962 1226 3007 Cu-

157 3024 269 3081 altermn,
283 3031 308 3071 et
324 3027 358 3072 sic
373 3027 402 3072 de
419 3017 522 3084 reliquis.
556 3023 674 3070 Haesere
707 3027 767 3072 riam
778 3026 806 3072 de
818 3040 865 3086 qua
879 3026 917 3072 bin
932 3027 1020 3088 agitur,
1030 3025 1224 3085 idempltynquius

159 3087 297 3136 Salmasius.
706 3091 826 3137 existimat
843 3090 915 3137 fuisse
933 3092 1021 3138 cunam
1041 3091 1177 3148 Kalabram,
1195 3091 1224 3139 ds

194 3161 226 3204 89
238 3155 274 3201 Et
284 3156 301 3188 θ
311 3152 376 3208 dam,
385 3161 408 3200 et
418 3151 601 3213 metretam]
617 3152 677 3200 Haec
709 3161 757 3216 qus
767 3156 815 3202 vid.
826 3155 932 3203 Macrob.
943 3155 1040 3204 Satura.
1051 3159 1068 3203 l.
1078 3157 1097 3200 1.
1109 3169 1130 3202 c.
1144 3162 1182 3202 tn.

159 3221 240 3280 explet
267 3224 389 3278 uteunque
410 3219 537 3266 Marcellus
558 3219 676 3274 Donatus,
740 3227 772 3267 aa
792 3220 829 3266 Et
846 3222 982 3282 republica
997 3221 1027 3268 ab
1046 3221 1095 3267 ede
1116 3218 1226 3284 Veneris]

150 3284 262 3346 ,legitque
274 3289 296 3330 et
305 3283 412 3337 elladam,
425 3291 448 3329 et
459 3290 533 3330 nsetss
548 3284 676 3330 transitus.
709 3285 847 3346 Suspicatur
861 3286 996 3333 Gronovius
1012 3293 1036 3332 et
1053 3285 1177 3332 basilicam
1193 3289 1227 3334 ad

156 3349 234 3396 Nobis
251 3349 384 3396 consultius
395 3349 488 3395 videtur
505 3349 583 3395 lucum
600 3349 675 3395 intan-
708 3351 782 3398 edem
795 3351 901 3397 Veneris.

156 3417 209 3460 tum
232 3415 373 3475 relinquere,
393 3427 463 3473 quam
484 3415 545 3474 mple
567 3417 674 3460 curatum
740 3421 772 3464 48
790 3417 901 3476 Ipsarum
912 3417 1016 3476 pecnnia
1030 3413 1133 3478 dicebat]
1165 3417 1225 3463 Ver·

157 3479 274 3526 exhibere
308 3480 374 3526 Idem
390 3483 415 3524 et
431 3479 675 3538 iniitquesequnn·
707 3480 765 3527 bum
777 3481 895 3539 adiectum
906 3486 943 3527 est
953 3495 982 3526 ex
994 3486 1072 3527 mente
1083 3481 1184 3541 sigonii.

157 3547 198 3590 tirr
214 3545 308 3604 iudicat
327 3544 452 3604 legendum
474 3543 534 3601 esse,
551 3550 575 3590 et
593 3558 676 3591 sareas
739 3551 771 3592 44
788 3547 823 3592 Et
840 3545 976 3602 Pollentia,
988 3547 1062 3592 etiam
1077 3559 1164 3606 aquam
1182 3545 1224 3592 ed·

151 3610 259 3674 serrem,
271 3623 315 3669 per
334 3623 392 3671 quus
409 3610 623 3656 intromitterentur
634 3610 675 3669 fe·
708 3610 848 3672 dramdans]
884 3611 928 3657 Vel
955 3612 1015 3672 lege-
1036 3617 1060 3657 et
1081 3609 1226 3657 Pollentiam

156 3689 199 3722 re.
222 3675 265 3722 Sat
276 3674 383 3734 feliciter.
406 3674 435 3720 ln
446 3673 595 3722 Circensibus
612 3675 675 3721 enim
708 3691 796 3737 aquam
806 3676 981 3722 ducendam:
999 3677 1036 3722 vel
1046 3676 1071 3720 in
1084 3689 1140 3722 voce
1151 3678 1226 3722 etiam

157 3741 219 3787 ludia
234 3754 283 3788 uon
300 3740 377 3786 solum
393 3753 464 3786 cursu
481 3739 624 3795 certabatur,
636 3741 676 3787 ssd
708 3742 792 3789 latebit
811 3753 898 3787 stamen
919 3741 1019 3800 alicuius
1036 3741 1132 3787 alterius
1143 3740 1225 3795 urbis,

157 3810 182 3852 et
192 3807 294 3852 temtum
305 3805 370 3850 inter
385 3819 420 3863 se,
432 3811 474 3852 aut
490 3818 544 3850 cum
561 3805 676 3852 bestiariis
709 3809 734 3854 iu
746 3819 815 3866 quam
827 3805 926 3852 Fulvius
941 3819 1026 3865 squam
1043 3805 1174 3854 ducendam
1189 3807 1225 3854 lo-

158 3883 245 3932 pugne
256 3870 396 3918 edebantur.
709 3872 805 3919 cavent

189 3942 222 3982 4ο
234 3937 267 3982 In
277 3941 358 3981 monte
368 3936 461 3981 Adana
472 3931 617 3997 mantelibus]
630 3935 677 3982 Hic
742 3943 773 3983 et
790 3937 828 3984 Et
838 3932 987 3998 Sinuessam]
999 3933 1117 3984 Emendat
1127 3937 1229 3984 Mareel-

158 4003 308 4062 petspicuum
320 4005 358 4046 eat
369 4001 461 4060 aliquid
469 4001 554 4046 demae·
710 4004 749 4049 lua
758 4001 879 4060 Donatus,
891 4011 914 4050 et
925 4003 1046 4049 Ss‘nssessss
1055 4003 1155 4063 glareas
1172 4015 1229 4061 sup·

159 4087 163 4094 ·
188 4074 217 4114 at
238 4065 467 4112 Pmtenmabaede
476 4066 579 4112 &turni
595 4067 677 4113 inca·
710 4067 758 4128 pla,
771 4068 833 4114 viam
852 4069 1011 4116 sternendam.
1043 4069 1072 4115 Iu
1088 4067 1230 4126 iisqurssa-

154 4134 269 4192 pitatium
291 4131 325 4178 ad
345 4133 489 4183 musculum,
513 4147 542 4178 ae
563 4145 633 4192 saper
654 4131 681 4183 s'd
712 4136 819 4193 quantur
834 4134 959 4194 legendum
977 4136 1049 4193 putat
1067 4132 1190 4193 Sigonius,
1208 4137 1231 4178 et

155 4197 263 4260 sariam]
284 4196 395 4243 Fortasse
405 4197 528 4256 legandum
540 4199 566 4242 tn
579 4197 674 4256 Capita·
706 4199 811 4244 clumam
822 4199 958 4258 instantem
970 4198 1208 4247 mrramdsseendam.

149 4265 193 4310 lla.
227 4261 366 4310 Fuitenim
383 4261 556 4308 Saturninum
573 4262 598 4306 iu
613 4258 675 4308 olivo
738 4267 771 4310 46
787 4264 865 4311 Jonas
874 4259 932 4325 tres]
955 4263 990 4310 Hi
1000 4265 1060 4311 lsai
1072 4268 1142 4310 arant
1152 4269 1232 4309 trans·

153 4329 305 4390 Capitolino.
338 4326 538 4386 ltaqueportious
554 4326 676 4373 itlsiutnl·
708 4328 795 4376 itiones
816 4329 909 4390 pervias.
942 4326 998 4376 tus.
1021 4335 1073 4378 not
1097 4335 1136 4380 78.
1164 4328 1194 4374 sd
1216 4329 1233 4375 l.

151 4393 239 4454 ligetur
263 4399 375 4457 porrecta
402 4391 431 4438 st
456 4391 505 4438 rade
527 4392 630 4438 Saturni
649 4391 675 4438 in
710 4393 744 4442 11.
755 4410 776 4442 c.
790 4401 830 4444 49.
902 4419 905 4424 ·

1340 3307 1347 3335 ἱ
1386 3351 1389 3356 .
