3154 4984
415 190 510 250 cm.
532 189 645 254 κων.
679 163 987 252 οΑΡζ·χΧΧνιιι.
1183 201 1241 266 rm

161 377 255 444 usque
268 357 313 425 ud
325 364 469 442 quartam
494 355 601 426 uuam
625 355 724 422 noctis
744 355 849 420 lunam
865 357 1057 441 defecturam
1071 379 1144 428 csse.
1167 362 1387 442 Addume

161 446 236 530 quia
250 443 391 508 naturali
404 444 514 505 ordine
526 443 618 506 statis
627 441 811 524 temporibus
810 443 889 522 fiat,
901 453 933 506 et
944 445 1021 509 sciri
1033 455 1108 510 ante
1121 457 1152 510 et
1157 441 1282 530 pra-A*
1293 439 1321 486 ὓ
1334 433 1397 486 ¹⁶⁸*

162 533 229 606 dici
248 552 349 614 posse.
392 530 505 613 Itaque
519 529 777 612 quemadmodum,
791 527 893 611 ¹⁰quia
914 533 991 594 certi
1010 532 1085 597 solis
1104 536 1244 618 lnnaeque

162 628 192 690 et
213 629 299 682 ortus
321 626 350 680 et
372 637 493 680 occasus
515 617 589 690 sint,
611 635 693 678 nnnc
715 616 813 696 pleno
839 615 922 693 orbe,
944 615 1057 682 ¹¹nunc
1076 633 1246 686 senescente

162 705 274 788 eaiguo
288 724 383 769 cornu
383 702 514 786 fulgere
535 703 639 766 lamam
662 721 723 764 mom
738 702 944 777 miraremtnr;
967 707 1015 770 r'to
1037 727 1076 770 ne
1089 706 1247 772 obscurari

162 793 296 877 quidem,
323 810 411 871 quum
434 788 585 852 condatur
610 787 717 850 umbra
742 795 845 866 terra,
874 790 999 854 trahere
1020 793 1055 854 in
1070 795 1247 878 prodigium

161 877 280 942 debere.
324 875 470 952 ¹²Nocte‚
494 895 591 959 quam
620 872 721 956 pridie
745 871 856 936 Nonas
879 875 1081 959 Septembres
1106 879 1248 946 insecuta

164 975 212 1030 est
236 962 314 1038 dies,
331 961 417 1028 edita
439 962 520 1027 hore
541 962 619 1026 lune
632 979 732 1045 quum
759 958 933 1039 defecisset,
958 962 1115 1028 Romanis
1139 966 1247 1032 militi-

162 1050 224 1116 bus
251 1048 339 1114 Gelli
367 1047 523 1132 sapientie
550 1068 653 1132 prope
678 1045 787 1113 divine
817 1047 935 1112 videri:
974 1047 1182 1134 Macedonas,
1210 1069 1247 1118 ut

164 1137 253 1202 triste
275 1135 471 1221 prodigium,
486 1155 633 1198 occasum
662 1133 754 1219 regni
783 1135 1018 1222 perniciemque
1066 1139 1146 1203 entis
1170 1161 1247 1224 por-

164 1223 310 1298 tendens,
341 1222 461 1286 movit:
499 1241 559 1286 nec
589 1219 681 1284 eliter
714 1233 812 1285 vetes.
844 1219 964 1286 clamor
990 1160 1191 1313 uluietusque
1212 1227 1247 1292 in

164 1311 275 1376 cestris
291 1307 511 1374 Macedonum
533 1305 604 1384 fuit,
621 1305 724 1372 donec
745 1305 869 1371 luneio
886 1330 975 1374 suem
989 1309 1093 1376 lucem
1107 1316 1245 1378 emersit.

163 1395 190 1438 ¹³
201 1397 335 1461 Postero
358 1394 411 1459 die
434 1409 541 1459 tentus
555 1392 681 1479 utrique
703 1393 800 1456 ardor
822 1393 974 1462 exercitui
989 1396 1030 1461 ad
1052 1420 1246 1464 concurren-

164 1486 241 1550 dum
257 1482 370 1559 iuerat,
386 1496 422 1546 ut
437 1479 488 1544 et‘¹
502 1502 608 1565 regem
632 1492 664 1543 et
679 1479 842 1544 consulem
857 1503 986 1546 suorum
1001 1485 1143 1571 quidem,
1158 1487 1246 1572 quod

164 1572 233 1636 eine
247 1568 367 1655 proelio
387 1569 560 1633 discessum
587 1579 677 1642 esset,
702 1581 896 1632 accusarent.
943 1569 1033 1656 Regi·
1050 1586 1177 1656 promte
1189 1572 1246 1638 de·

164 1658 266 1724 fensio
286 1670 363 1734 eret,
379 1677 443 1720 non
460 1677 499 1720 eo
519 1653 632 1730 solum,
649 1651 736 1739 quod
753 1651 852 1717 hostis
866 1655 963 1739 prior,
974 1670 1090 1742 *aperte
1103 1679 1245 1746 pugnem

164 1745 356 1820 detrectans,
371 1743 406 1806 in
432 1755 536 1806 cestre
558 1739 666 1824 copias
680 1738 860 1804 reduxisset
867 1765 877 1818 ;
900 1741 955 1806 sed
977 1744 1084 1821 etiem,
1100 1747 1186 1830 quod
1208 1769 1246 1810 eo

166 1832 241 1898 loco
273 1831 365 1916 signe
387 1829 609 1904 constituisset,
633 1847 698 1912 quo
730 1825 881 1912 phalanx,
903 1851 1000 1914 quem
1028 1831 1175 1896 inutilem
1197 1833 1247 1898 vel

165 1918 336 1984 mediocris
371 1917 520 2000 iniquitas
555 1913 618 1978 loci
654 1911 802 1990 efficeret,
833 1917 1014 1997 promoveri
1045 1939 1108 1982 non
1131 1933 1248 2004 posset.

169 2004 291 2072 Consul
305 2003 378 2069 ¹⁴ed
392 2002 436 2080 id,
449 2001 535 2089 quod
556 2000 658 2084 pridie
671 2002 908 2085 praetermisisse
922 2004 1087 2091 pugnandi
1107 2007 1249 2072 occasio-

166 2115 242 2160 nem
256 2090 434 2167 videbetur,
451 2103 483 2153 et
507 2087 613 2154 locum
635 2085 758 2152 dedisse
783 2089 877 2166 hosti,
894 2090 920 2154 si
933 2105 1028 2156 nocte
1042 2091 1131 2157 ebire
1144 2093 1248 2172 veliet,

166 2194 245 2247 tunc
260 2201 387 2265 quoque
409 2199 467 2260 per
489 2175 628 2258 speciem
650 2173 829 2240 inmolendi
850 2189 953 2240 terere
975 2178 1145 2244 videbatur
1167 2194 1248 2246 tem-

167 2291 240 2354 pus,
255 2286 353 2351 quum
370 2264 440 2330 luce
456 2263 559 2346 prime
572 2261 698 2348 signum
721 2262 919 2345 propositum
942 2284 1061 2351 pugnes
1071 2265 1112 2330 ad
1128 2288 1248 2331 exeun-

167 2356 246 2423 dum
268 2353 301 2416 in
325 2351 423 2418 eciem
446 2347 566 2416 fuisset.
613 2346 725 2412 Tertia
746 2346 874 2411 demum
900 2349 990 2428 hore,
1007 2350 1163 2416 sacrificio
1186 2353 1249 2418 rite

166 2453 359 2530 perpetrato,
389 2437 430 2502 ed
452 2433 619 2518 consilium
643 2433 785 2509 vocavit3
809 2446 904 2521 etque
925 2435 980 2514 ibi,
1008 2437 1095 2524 quod
1124 2441 1170 2502 rei
1192 2461 1249 2525 ge-

168 2527 278 2593 rendae
301 2540 425 2610 tempus
447 2535 537 2598 esset,
561 2520 721 2606 loquendo
743 2533 775 2586 et
797 2520 1015 2608 intempestive
1035 2523 1248 2594 consultando

167 2613 337 2680 videbatur
352 2609 542 2698 quibusdem
558 2606 738 2672 extrahere.
752 2621 826 2692 post
840 2631 1000 2676 sermones
1015 2623 1123 2676 temen
1136 2611 1249 2678 consul

168 2697 482 2768 orationemhebuit.
1248 2757 1252 2764 .

183 2775 191 2787 ⁸
214 2785 427 2854 XXXVIII.
463 2785 505 2848 P.
531 2781 662 2859 Nasica,
688 2783 828 2866 egregius
849 2785 1030 2861 adolescens,
1053 2809 1092 2851 ea
1112 2788 1410 2859 amicissumos..

169 2897 257 2952 unum,
283 2873 392 2958 quihus
418 2873 557 2935 hesterno
579 2871 632 2934 die
652 2871 796 2952 pugnari
817 2872 951 2952 placuit.
977 2875 1146 2940 denudavit
1173 2873 1399 2952 mimidomens-

169 2985 254 3030 sunm
276 2962 454 3026 consilium.-
478 2959 557 3021 idem
574 2964 693 3039 posteo,
720 2957 767 3018 ita
789 2967 823 3020 ut
844 2961 992 3024 transisse
1012 2962 1047 3025 im
1066 2953 1290 3028 sententiamna

171 3072 267 3116 meam
278 3049 380 3112 uideri
387 3053 501 3129 posset,
517 3045 625 3108 tacuit.
665 3040 853 3116 Quibusdam
868 3046 943 3108 aliis
957 3046 1109 3112 absentem
1122 3071 1251 3132 carpere

169 3139 394 3222 imperatorem,
410 3152 499 3218 qnam
512 3138 695 3214 presentem
716 3149 845 3206 monere,
861 3133 967 3195 melius
989 3134 1083 3198 nisum
1105 3147 1160 3200 est.
1204 3136 1251 3199 Et

633 3266 647 3304 d
662 3271 685 3314 ct
700 3268 748 3313 del.
765 3269 840 3318 Gron.

207 3387 401 3444 lO'Quiaccrti
417 3387 478 3434 Solis
493 3386 695 3448 Lunaquaetor·
727 3386 1166 3449 mnu,nmrcannnproeampom.
1194 3391 1249 3438 Ita·

173 3459 213 3502 tut
228 3459 251 3500 at
266 3467 360 3502 cccmus
375 3453 434 3516 mut]
459 3452 521 3498 Haec
542 3451 613 3499 nobie
631 3447 695 3496 mele
727 3461 770 3508 pue
781 3451 971 3509 quemadmodum
982 3468 1044 3500 nurse
1050 3457 1120 3514 pleno
1127 3453 1179 3501 orbe
1191 3487 1198 3501 .
1210 3487 1236 3502 ..

172 3521 293 3567 coherere
301 3519 415 3566 videntur
422 3531 480 3564 eum
487 3517 518 3562 iis
525 3530 582 3576 quae
590 3527 695 3575 sequun-
761 3513 790 3561 11
809 3515 1029 3581 Numeermrceute]
1047 3517 1113 3580 Lege
1124 3531 1181 3566 cum
1192 3519 1249 3570 1³10-

173 3591 224 3632 tur.
256 3583 313 3632 Non
336 3584 403 3629 enim
425 3583 479 3628 ideo
500 3583 595 3628 renent
617 3579 695 3626 Lunae
728 3581 818 3627 rebelle
829 3589 854 3628 et
865 3583 1155 3630 Gronoviosmeaaentem.

172 3651 270 3710 pheses,
293 3651 351 3710 quie
368 3642 420 3708 ejus
440 3653 464 3692 et
483 3645 544 3693 Solis
560 3646 620 3693 certi
639 3648 697 3690 sunt
763 3643 793 3692 12
805 3644 819 3672 ⁸
831 3647 910 3694 Nocte
921 3661 990 3710 qurum
1004 3648 1086 3708 pridie
1096 3647 1251 3710 deep·

173 3721 243 3760 ortus
261 3720 286 3758 et
298 3726 405 3761 occasus.
438 3710 529 3758 Melius
547 3712 601 3758 haec
614 3705 699 3770 rejice·
730 3710 837 3774 temeres]
870 3713 918 3760 Hic
934 3712 1011 3760 Lunae
1026 3713 1144 3767 defectus,
1156 3728 1190 3761 ex
1202 3716 1251 3762 Δι,

172 3786 259 3826 rentur
276 3779 303 3826 iu
319 3777 448 3830 anteriore,
460 3782 488 3822 ut
506 3777 540 3823 sic
559 3775 698 3836 procederet
731 3783 899 3824 tronomorum
910 3777 1053 3833 rationibus,
1060 3778 1251 3827 inciditindiem

173 3843 240 3892 Gelli
261 3841 448 3904 argumentatio·
483 3839 699 3892 Quemadmodum
731 3840 770 3886 tl.
787 3841 856 3888 Junii
873 3843 976 3889 sumni.
1008 3844 1090 3904 Atque
1108 3843 1134 3888 id
1145 3845 1251 3904 perbene

172 3907 249 3956 Luna
267 3907 376 3968 Solisque
393 3911 462 3952 ortus
478 3912 504 3952 et
521 3917 628 3957 cccmus,
640 3901 699 3962 quie
729 3907 842 3966 congruit
855 3921 913 3954 cum
931 3907 1056 3954 Solstitieti
1072 3913 1190 3968 tempore,
1202 3915 1250 3956 tee-

173 3979 232 4019 sunt
248 3973 316 4027 certi,
328 3979 353 4018 et
364 3971 420 4018 sciri
430 3975 487 4016 ente
498 3977 524 4017 et
533 3968 698 4029 prmdicipos·
731 3975 865 4030 tetosupre
876 3987 892 4019 e
903 3971 981 4020 Livio.
1008 3971 1095 4035 †Vid.
1106 3980 1157 4022 not.
1168 3973 1208 4021 63.
1219 3975 1251 4022 ad

173 4044 242 4092 cunt,
253 4035 289 4082 ite
304 4043 329 4084 et
340 4037 449 4083 defectus
461 4035 547 4092 Lunoe,
560 4033 602 4093 qui
612 4032 698 4078 itidem
730 4047 751 4081 c.
764 4032 803 4080 30.
815 4048 897 4094 cupre.

173 4101 281 4148 naturali
292 4102 376 4152 ordine
387 4100 457 4146 stetis
467 4099 617 4160 temporibus
628 4097 698 4144 fiunt.
764 4096 815 4144 13⁸
822 4098 919 4148 Pmteru
929 4099 979 4162 die]
998 4099 1131 4150 Referhcec
1139 4105 1253 4154 vernent

174 4165 201 4212 Si
217 4161 359 4226 conjecture
381 4170 463 4211 nostre
485 4166 549 4212 bone
565 4170 612 4220 est,
630 4168 696 4208 totus
729 4164 979 4211 verbumaccmaremt.

172 4231 245 4288 ,locus
256 4231 290 4276 sic
302 4230 402 4278 formari
418 4229 522 4288 poteritx
540 4228 572 4276 Id
589 4228 643 4291 quia
653 4241 696 4272 nu·
762 4227 794 4274 14
809 4227 850 4274 Ad
860 4228 885 4274 m
895 4227 967 4292 quod]
996 4230 1163 4293 Praeterquem
1175 4237 1250 4296 quod.

174 4295 249 4340 turult
265 4293 345 4340 ordtee
367 4295 590 4355 nmirnmpartbus
600 4293 657 4354 stat,
670 4293 696 4336 ut
729 4291 1224 4350 sictoeutuseumviusett.111.c.sn

84 4395 88 4404 .
172 4360 234 4406 unt
248 4357 311 4408 Solu
326 4358 448 4422 Luem
463 4362 486 4406 rt
496 4365 561 4410 arms
571 4363 593 4408 et
603 4369 696 4425 ocem
1240 4393 1244 4402 ,
