3056 4976
354 233 396 288 20
691 271 694 276 -
760 231 871 302 ΤῙΤῙ
898 231 1035 296 LlVll

193 395 331 472 quart·
354 390 431 454 dum
446 391 600 460 incautius
621 405 695 462 ante
715 397 805 483 signa
826 397 1019 472 obversatur,
1036 393 1144 460 missili
1165 394 1313 480 trajectus
1331 393 1413 458 ceci-

193 465 225 516 Δ·
236 463 264 514 ⁰·
277 469 329 544 ΨΘ·
354 477 412 541 dit.
457 478 527 544 Neo
539 480 644 546 hostes
659 481 771 547 ducem
787 483 923 548 occisum
940 491 1121 556 senserunt;
1144 493 1176 545 et
1188 501 1317 545 suorum
1333 501 1414 564 pau-

281 565 287 574 ’
354 565 393 640 ci,
409 566 463 650 qui
489 566 643 645 videraut,
666 567 751 633 haud
774 589 813 632 ne
835 569 986 655 legenter,
1009 569 1117 653 utqui
1139 567 1171 630 in
1195 589 1233 631 eo
1247 567 1414 631 victoriam

354 652 433 732 verti
455 652 579 730 scireut,
600 675 715 740 corpus
736 593 941 724 occultavere.
986 653 1057 718 Alia
1079 652 1248 720 multitude
1269 651 1416 737 peditum

351 736 567 825 equitumque,
590 739 762 805 deturbatis
783 740 937 818 hostibus,
958 751 1080 804 montes
1102 739 1170 804 sine
1190 739 1270 802 duce
1291 759 1415 824 cepere.

323 837 328 848 ¹
356 822 409 886 Ad
430 825 571 912 quinque
591 825 692 892 millia
706 827 863 914 Ligurum
887 825 1008 892 occisa:
1031 847 1072 890 ex
1098 825 1246 890 Romano
1270 823 1417 888 exercitu

273 993 276 999 Ι
355 907 420 972 duo
431 921 464 974 et
478 913 705 999 quinquaginta
720 912 909 980 ceciderunt.
954 913 1058 997 Super
1072 922 1137 976 tam
1152 909 1416 976 evidentemtris-

354 995 395 1058 tis
410 997 523 1063 ominis
538 1012 695 1077 eventum,
710 1000 805 1064 etiam
819 1021 855 1063 ex
875 997 1016 1085 pullaria
1025 997 1168 1062 auditum
1182 1009 1239 1074 est,
1254 997 1365 1060 vitium
1380 996 1417 1060 iu

355 1081 496 1164 auspicio
520 1083 631 1162 fuisse3
658 1097 721 1152 uec
745 1086 777 1151 id
802 1086 963 1154 consulem
985 1085 1159 1172 ignorasse,
1205 1082 1244 1148 C.
1259 1082 1416 1160 Valerius,
1525 1163 1526 1168 ἵ

355 1167 463 1233 audita
530 1197 533 1205 ’
824 1233 827 1242 ,
1525 1175 1526 1198 ²

407 1285 413 1298 ·
740 1277 759 1314 u
877 1274 895 1310 a
1014 1271 1032 1307 a
1101 1291 1103 1300 ·
1141 1313 1144 1322 ,

355 1413 685 1520 Πρετίῑίτεὶίςίοῃωῇ
702 1434 845 1520 jurisque
881 1433 987 1511 ublici,
1004 1432 1132 1520 quando
1146 1431 1212 1496 duo
1221 1430 1251 1474 ³⁸
1260 1429 1416 1494 ordinarii

355 1516 498 1592 consules
513 1520 578 1604 ejus
592 1520 678 1598 anui,
694 1520 773 1585 alter
794 1456 918 1599 morbo,
934 1519 1013 1585 alter
1026 1519 1110 1584 ferro
1123 1519 1277 1605 periisset,
1292 1515 1416 1581 subfec-

355 1613 425 1666 tum
439 1604 598 1669 consulem
612 1606 772 1694 negabant
786 1615 889 1672 recte⁶
901 1607 1029 1674 comitia
1042 1605 1161 1670 habere
1174 1625 1278 1690 posse.

494 1807 500 1821 ·
752 1789 770 1825 ὕ
884 1793 903 1830 il·
1019 1789 1037 1825 G
1141 1805 1143 1810 ·

356 1880 498 1951 deduxit.
633 1943 636 1950 .
1187 1935 1191 1942 -

396 1967 501 2036 XIX.
525 1970 581 2035 Cis
604 1970 810 2056 Apenninum
825 1969 947 2049 Garuli,
966 1984 997 2036 et
1012 1969 1169 2055 Lapicini,
1192 1983 1223 2035 et
1239 1969 1413 2048 Hercates3

355 2065 442 2121 trans
457 2057 662 2142 Apenninum
679 2059 836 2124 Briniates
850 2057 984 2124 suerunt.
1027 2057 1148 2122 ⁷9luter
1163 2055 1332 2122 Audenam
1347 2078 1417 2120 am·
1525 2065 1526 2072 ’

273 2163 300 2208 „¹
355 2161 427 2204 uem
447 2142 483 2206 P.
499 2144 626 2208 Mucius
654 2151 728 2210 cum
753 2145 801 2226 iis,
825 2145 879 2232 qui
905 2145 1030 2209 Lunam
1061 2143 1212 2228 Pisasque
1239 2141 1417 2228 depopula-

354 2226 379 2290 ti
409 2241 508 2307 erant,
536 2230 653 2294 bellum
705 2231 793 2295 essit:
826 2231 1034 2316 omnibusque
1062 2230 1095 2295 iu
1123 2229 1277 2296 ditionem
1305 2229 1419 2294 redac-

355 2310 396 2377 tis
410 2335 498 2380 arma
512 2315 639 2381 ademit.
681 2254 739 2382 bb
753 2340 806 2382 eas
821 2339 880 2395 res,
897 2317 929 2381 in
946 2317 1052 2383 Gallia
1068 2315 1299 2403 Liguribusque
1312 2327 1418 2402 gestas

274 2417 277 2426 i
354 2398 491 2466 duorum
517 2402 681 2467 consulum
707 2403 807 2477 ductu
831 2403 1043 2490 auspicioque,
1069 2413 1195 2465 senatus
1216 2403 1250 2464 in
1270 2403 1416 2466 triduum

355 2487 597 2572 supplicationes
630 2488 778 2568 decrerit,
804 2502 836 2556 et
867 2488 1075 2576 quadraginta
1103 2485 1213 2551 hostiis
1246 2485 1416 2551 sacrificari

320 2641 323 2646 ,
349 2571 453 2657 jussit.
498 2574 541 2638 Et
566 2575 720 2640 tumultus
749 2575 875 2663 quidem
907 2574 1048 2640 Gallicus
1075 2585 1106 2638 et
1137 2572 1331 2660 Ligustinus
1358 2575 1417 2659 qui

178 2729 180 2734 ,
355 2660 519 2746 principio³
527 2661 592 2746 ejus
607 2662 683 2725 anni
697 2673 826 2726 exortus
839 2660 952 2739 suerat,
967 2659 1053 2727 haud
1075 2681 1192 2746 magno
1213 2672 1329 2724 conatu
1344 2660 1418 2723 bre-

195 2753 288 2801 uenam
299 2753 338 2800 in·
355 2745 386 2808 vi
402 2744 568 2829 obpressus
582 2760 659 2810 erat.
704 2746 786 2812 Belli
803 2745 1004 2812 Macedonici
1018 2745 1142 2810 subibat
1156 2746 1222 2832 jam
1239 2767 1325 2826 cura,
1336 2743 1417 2809 'mis'-
1525 2747 1526 2754 ’

195 2819 342 2934 {²0¹3}ng
357 2845 447 2895 cente
462 2830 578 2896 Perseo
591 2829 674 2896 inter
685 2833 856 2898 Dardanos
872 2833 1102 2917 Bastarnasque
1116 2831 1304 2896 certamina:
1327 2841 1360 2896 et
1371 2829 1417 2896 le-
1525 2883 1526 2910 ,

195 2956 282 2996 „nm
356 2916 433 3004 gaii,
448 2917 503 3003 qui
526 2917 611 2981 missi
636 2919 676 2981 ad
702 2940 751 2983 res
765 2920 907 2984 visendas
928 2921 962 2983 in
989 2917 1212 2984 Macedoniam
1234 2928 1335 2998 erant,
1345 2917 1416 3004 jam
1525 2935 1526 2970 i

356 3007 547 3068 reverterant
564 3003 1055 3092 Romam,renunciaveruntque,
1067 2999 1231 3069 bellum'in
1248 3002 1417 3069 Dardania
1525 3037 1526 3044 κ

355 3109 431 3152 esse.
476 3090 576 3155 Simul
591 3105 743 3158 venerant
756 3104 787 3157 et
800 3093 840 3159 ab
851 3113 929 3178 rege
942 3091 1057 3156 Perseo
1071 3102 1221 3166 oratores,
1236 3088 1322 3176 ⁸⁰qui
1335 3110 1416 3173 pur·
1525 3161 1526 3182 χ

354 3186 478 3260 garant,
493 3195 552 3240 nec
572 3176 692 3243 adcitos
713 3177 755 3244 ab
776 3200 815 3242 eo
838 3177 1018 3255 Bastarnas,
1040 3199 1098 3242 nec
1118 3188 1247 3242 auctore
1268 3197 1307 3240 eo
1321 3175 1416 3262 quid·
1525 3185 1526 3262 i

355 3281 449 3346 quam
471 3259 583 3327 facere.
628 3263 761 3330 Senatus
781 3286 841 3330 nec
862 3263 1006 3330 liberarit
1019 3264 1085 3350 ejus
1105 3262 1210 3348 culpae
1225 3283 1342 3349 regem,
1356 3282 1415 3326 ne-
1525 3263 1526 3298 ³

356 3368 418 3432 que
432 3348 551 3434 arguit:
575 3345 697 3415 moneri
718 3371 789 3416 eum
805 3350 1025 3417 tantummodo
1033 3348 1141 3436 jussit,
1156 3361 1192 3412 ut
1209 3348 1302 3413 etiam
1317 3362 1415 3438 atque
1525 3369 1526 3420 3

355 3432 449 3500 etiam
475 3446 609 3514 curaret,
625 3435 650 3476 ⁸¹
661 3449 694 3502 ut
716 3442 861 3502 sanctum
885 3435 1015 3502 haberet
1038 3435 1154 3517 foedus,
1173 3433 1260 3521 quod
1285 3432 1315 3498 ei
1339 3455 1416 3500 cum

726 3577 812 3634 {recte
822 3571 867 3622 del.
878 3575 953 3621 Gran.
964 3573 1031 3621 Creu.

388 3677 684 3751 superacutarum]
706 3689 777 3736 nanc
792 3689 869 3749 peno·
899 3688 1008 3735 emissas
1041 3685 1167 3734 mirleus
1190 3677 1322 3732 samarian
1349 3694 1415 3732 eoa-

356 3751 412 3799 dum
435 3754 496 3813 apud
509 3751 663 3801 'Priscianum-
677 3755 693 3801 l.
710 3755 805 3800 xviri.
832 3767 868 3800 rs·
899 3756 1026 3814 presserat,
1038 3757 1063 3798 et
1073 3754 1098 3798 in
1111 3751 1209 3814 Liguris
1219 3749 1311 3810 ipss'ad
1320 3751 1415 3796 utrum·
1525 3773 1526 3788 2

355 3823 447 3878 partam
458 3832 501 3864 suo
511 3820 563 3865 loco
575 3819 685 3880 Sigonius
695 3819 803 3866 inseruit.
900 3833 946 3879 que
960 3818 1082 3880 Apennini
1101 3819 1163 3864 latus
1181 3829 1247 3863 arma
1263 3813 1414 3862 circumtule-

390 3890 420 3933 78
446 3883 571 3930 ordinarii
595 3880 709 3949 murum]
744 3884 869 3932 Ordisart's'
900 3888 944 3932 rat

356 3948 464 3995 consules
487 3953 544 3996 uuirt
565 3949 582 3994 ii
604 3949 644 4007 qui
661 3949 743 4009 primis
765 3947 867 3996 comitiis
934 3953 963 3994 8⁰
983 3941 1345 4010 Qaipurgureut,nccaccitos]
1361 3943 1414 3995 Qui

355 4015 424 4061 alecti
441 4020 505 4061 sunt
539 4014 571 4060 lis
587 4019 743 4075 opponuntur
758 4015 867 4062 consules
898 4013 928 4061 sd
946 4015 1094 4074 purgandum
1113 4017 1137 4058 ct
1157 4011 1304 4057 liberandum
1325 4021 1380 4056 sum
1396 4023 1413 4056 ι

354 4079 458 4140 suffecti.
892 4079 1032 4138 suspicione
1052 4077 1118 4135 belli,
1140 4075 1246 4122 dicerent
1266 4079 1291 4122 ct
1311 4069 1413 4136 probare

288 4149 292 4160 ’
387 4145 504 4194 791nter
519 4143 642 4191 Ardeatum
659 4141 761 4206 affirm]
778 4143 867 4192 Nullus
898 4143 1058 4201 intenderent,
1069 4155 1113 4188 nec
1122 4141 1217 4196 secitur.

354 4214 391 4255 cst
407 4205 499 4256 'horum
527 4210 651 4256 verborum
679 4223 768 4256 tensus·
803 4210 866 4272 Lege
930 4214 958 4255 sl
976 4209 1129 4256 Utsrnctum
1138 4200 1413 4270 halm'tfoedufflunc

353 4273 451 4322 omuino
469 4275 545 4331 intra,
556 4280 586 4321 ut
602 4274 694 4321 dicatur
704 4275 799 4321 Mucius
815 4288 866 4321 non
897 4273 976 4321 locum
998 4273 1098 4332 feliciter
1115 4273 1226 4320 emendat
1245 4270 1296 4316 iso
1318 4271 1412 4316 Grund-

353 4339 417 4386 ultrs
441 4340 567 4402 Audenam
588 4352 692 4396 amnem,
713 4353 741 4387 sc
766 4339 867 4400 proinde
897 4339 965 4387 musa
985 4344 1014 4385 ut
1028 4344 1138 4386 sanctuni
1154 4334 1338 4397 lacessamus,
1351 4333 1413 4396 qudi

353 4403 517 4466 Apenninum,
527 4404 733 4468 belium'gsssissca
765 4407 866 4454 Atvero
898 4401 1399 4463 aaammnceaee,vtartpoaen=
