<?xml version="1.0" encoding="UTF-8"?>
<!DOCTYPE html PUBLIC "-//W3C//DTD XHTML 1.0 Transitional//EN"
    "http://www.w3.org/TR/xhtml1/DTD/xhtml1-transitional.dtd">
<html xmlns="http://www.w3.org/1999/xhtml" xml:lang="en" lang="en">
 <head>
  <title>
</title>
<meta http-equiv="Content-Type" content="text/html;charset=utf-8" />
  <meta name='ocr-system' content='tesseract 3.04.00' />
  <meta name='ocr-capabilities' content='ocr_page ocr_carea ocr_par ocr_line ocrx_word'/>
</head>
<body>
  <div class='ocr_page' id='page_1' title='image "./tliviipatavinih03crevgoog_0013.png"; bbox 0 0 3042 4980; ppageno 0'>
   <div class='ocr_carea' id='block_1_1' title="bbox 240 139 960 294">
    <p class='ocr_par' dir='ltr' id='par_1_1' title="bbox 240 139 960 294">
     <span class='ocr_line' id='line_1_1' title="bbox 240 139 960 294; baseline 0.003 -50"><span class='ocrx_word' id='word_1_1' title='bbox 240 168 275 244; x_wconf 73' lang='lat' dir='ltr'><strong>o</strong></span> <span class='ocrx_word' id='word_1_2' title='bbox 616 139 960 294; x_wconf 70' lang='lat' dir='ltr'><strong>remunero.</strong></span> 
     </span>
    </p>
   </div>
   <div class='ocr_carea' id='block_1_2' title="bbox 30 357 1465 4266">
    <p class='ocr_par' dir='ltr' id='par_1_2' title="bbox 30 357 1465 4266">
     <span class='ocr_line' id='line_1_2' title="bbox 239 357 1330 470; baseline -0.008 -26"><span class='ocrx_word' id='word_1_3' title='bbox 239 377 310 460; x_wconf 66' lang='lat' dir='ltr'><strong>ebt·</strong></span> <span class='ocrx_word' id='word_1_4' title='bbox 327 393 398 444; x_wconf 82' lang='lat' dir='ltr'><strong>nec</strong></span> <span class='ocrx_word' id='word_1_5' title='bbox 413 357 498 446; x_wconf 85' lang='lat' dir='ltr'><strong>siue</strong></span> <span class='ocrx_word' id='word_1_6' title='bbox 516 369 674 445; x_wconf 63' lang='lat' dir='ltr'><strong>monitu</strong></span> <span class='ocrx_word' id='word_1_7' title='bbox 692 368 886 444; x_wconf 80' lang='lat' dir='ltr'><strong>verborum</strong></span> <span class='ocrx_word' id='word_1_8' title='bbox 903 367 1010 442; x_wconf 81' lang='lat' dir='ltr'><strong>vitari</strong></span> <span class='ocrx_word' id='word_1_9' title='bbox 1034 359 1222 444; x_wconf 75' lang='lat' dir='ltr'><strong>interdum</strong></span> <span class='ocrx_word' id='word_1_10' title='bbox 1243 381 1330 470; x_wconf 72' lang='lat' dir='ltr'><strong>pota</strong></span> 
     </span>
     <span class='ocr_line' id='line_1_3' title="bbox 195 491 1298 560; baseline -0.001 0"><span class='ocrx_word' id='word_1_11' title='bbox 195 515 197 521; x_wconf 93' lang='lat'>·</span> <span class='ocrx_word' id='word_1_12' title='bbox 240 492 333 560; x_wconf 83' lang='lat' dir='ltr'><strong>erat.</strong></span> <span class='ocrx_word' id='word_1_13' title='bbox 1295 491 1298 498; x_wconf 81' lang='grc'><em>’</em></span> 
     </span>
     <span class='ocr_line' id='line_1_4' title="bbox 79 595 1434 718; baseline 0.003 -48"><span class='ocrx_word' id='word_1_14' title='bbox 79 603 206 718; x_wconf 45' lang='lat' dir='ltr'><strong>gehenae</strong></span> <span class='ocrx_word' id='word_1_15' title='bbox 292 595 569 694; x_wconf 82' lang='lat' dir='ltr'><strong>Epitomarum,</strong></span> <span class='ocrx_word' id='word_1_16' title='bbox 582 623 667 696; x_wconf 81' lang='lat' dir='ltr'><strong>qum</strong></span> <span class='ocrx_word' id='word_1_17' title='bbox 683 597 838 695; x_wconf 69' lang='lat' dir='ltr'><strong>sing-ldis</strong></span> <span class='ocrx_word' id='word_1_18' title='bbox 855 595 957 672; x_wconf 82' lang='lat' dir='ltr'><strong>libris</strong></span> <span class='ocrx_word' id='word_1_19' title='bbox 974 597 1226 694; x_wconf 76' lang='lat' dir='ltr'><strong>praefiguntur,</strong></span> <span class='ocrx_word' id='word_1_20' title='bbox 1242 618 1333 674; x_wconf 85' lang='lat' dir='ltr'><strong>auc-</strong></span> <span class='ocrx_word' id='word_1_21' title='bbox 1430 653 1434 660; x_wconf 85' lang='lat'><em>-</em></span> 
     </span>
     <span class='ocr_line' id='line_1_5' title="bbox 129 703 1334 810; baseline 0 -22"><span class='ocrx_word' id='word_1_22' title='bbox 129 703 137 722; x_wconf 82' lang='grc'><strong><em>’</em></strong></span> <span class='ocrx_word' id='word_1_23' title='bbox 242 721 302 788; x_wconf 80' lang='lat' dir='ltr'><strong>tor</strong></span> <span class='ocrx_word' id='word_1_24' title='bbox 324 711 533 809; x_wconf 68' lang='lat' dir='ltr'><strong>ignoratum·</strong></span> <span class='ocrx_word' id='word_1_25' title='bbox 574 713 658 788; x_wconf 78' lang='lat' dir='ltr'><strong>Eas</strong></span> <span class='ocrx_word' id='word_1_26' title='bbox 679 713 783 787; x_wconf 84' lang='lat' dir='ltr'><strong>enim</strong></span> <span class='ocrx_word' id='word_1_27' title='bbox 809 723 876 810; x_wconf 25' lang='lat' dir='ltr'><strong>aut,</strong></span> <span class='ocrx_word' id='word_1_28' title='bbox 900 710 1011 788; x_wconf 84' lang='lat' dir='ltr'><strong>Livio</strong></span> <span class='ocrx_word' id='word_1_29' title='bbox 1032 710 1117 808; x_wconf 89' lang='lat' dir='ltr'><strong>ipsi,</strong></span> <span class='ocrx_word' id='word_1_30' title='bbox 1137 722 1202 786; x_wconf 90' lang='lat' dir='ltr'><strong>aut</strong></span> <span class='ocrx_word' id='word_1_31' title='bbox 1214 707 1263 788; x_wconf 87' lang='lat' dir='ltr'><strong>L.</strong></span> <span class='ocrx_word' id='word_1_32' title='bbox 1280 712 1334 788; x_wconf 86' lang='lat' dir='ltr'><strong>illi</strong></span> 
     </span>
     <span class='ocr_line' id='line_1_6' title="bbox 222 825 1334 924; baseline 0 -22"><span class='ocrx_word' id='word_1_33' title='bbox 222 826 370 914; x_wconf 77' lang='lat' dir='ltr'><strong>Floro,</strong></span> <span class='ocrx_word' id='word_1_34' title='bbox 389 827 499 922; x_wconf 85' lang='lat' dir='ltr'><strong>cujus</strong></span> <span class='ocrx_word' id='word_1_35' title='bbox 523 835 677 916; x_wconf 81' lang='lat' dir='ltr'><strong>exstant</strong></span> <span class='ocrx_word' id='word_1_36' title='bbox 701 853 824 902; x_wconf 81' lang='lat' dir='ltr'><strong>rerum</strong></span> <span class='ocrx_word' id='word_1_37' title='bbox 850 826 1111 902; x_wconf 87' lang='lat' dir='ltr'><strong>Romanarum</strong></span> <span class='ocrx_word' id='word_1_38' title='bbox 1134 825 1217 900; x_wconf 87' lang='lat' dir='ltr'>libri</span> <span class='ocrx_word' id='word_1_39' title='bbox 1241 852 1334 924; x_wconf 85' lang='lat' dir='ltr'><strong>qua·</strong></span> 
     </span>
     <span class='ocr_line' id='line_1_7' title="bbox 241 939 1333 1039; baseline -0.001 -23"><span class='ocrx_word' id='word_1_40' title='bbox 241 948 345 1032; x_wconf 66' lang='lat' dir='ltr'><strong>tuor,-</strong></span> <span class='ocrx_word' id='word_1_41' title='bbox 358 941 523 1017; x_wconf 82' lang='lat' dir='ltr'><strong>adscribi</strong></span> <span class='ocrx_word' id='word_1_42' title='bbox 539 966 616 1018; x_wconf 89' lang='lat' dir='ltr'><strong>non</strong></span> <span class='ocrx_word' id='word_1_43' title='bbox 633 943 776 1039; x_wconf 87' lang='lat' dir='ltr'><strong>patitur</strong></span> <span class='ocrx_word' id='word_1_44' title='bbox 792 942 920 1039; x_wconf 78' lang='lat' dir='ltr'><strong>dispar</strong></span> <span class='ocrx_word' id='word_1_45' title='bbox 936 941 1155 1038; x_wconf 84' lang='lat' dir='ltr'><strong>abutroque</strong></span> <span class='ocrx_word' id='word_1_46' title='bbox 1168 939 1257 1036; x_wconf 84' lang='lat' dir='ltr'><strong>styli</strong></span> <span class='ocrx_word' id='word_1_47' title='bbox 1268 948 1333 1028; x_wconf 63' lang='lat' dir='ltr'><strong>,co&#39;⁶</strong></span> 
     </span>
     <span class='ocr_line' id='line_1_8' title="bbox 240 1053 1335 1156; baseline -0.001 -26"><span class='ocrx_word' id='word_1_48' title='bbox 240 1053 311 1130; x_wconf 81' lang='lat' dir='ltr'><strong>lur.</strong></span> <span class='ocrx_word' id='word_1_49' title='bbox 357 1055 539 1154; x_wconf 83' lang='lat' dir='ltr'><strong>Quisquis</strong></span> <span class='ocrx_word' id='word_1_50' title='bbox 551 1057 749 1150; x_wconf 78' lang='lat' dir='ltr'><strong>illefuerit‚</strong></span> <span class='ocrx_word' id='word_1_51' title='bbox 765 1079 878 1155; x_wconf 87' lang='lat' dir='ltr'><strong>quem</strong></span> <span class='ocrx_word' id='word_1_52' title='bbox 889 1080 1005 1130; x_wconf 87' lang='lat' dir='ltr'><strong>nosse</strong></span> <span class='ocrx_word' id='word_1_53' title='bbox 1016 1055 1119 1156; x_wconf 85' lang='lat' dir='ltr'><strong>haud</strong></span> <span class='ocrx_word' id='word_1_54' title='bbox 1132 1077 1225 1130; x_wconf 87' lang='lat' dir='ltr'><strong>sane</strong></span> <span class='ocrx_word' id='word_1_55' title='bbox 1238 1054 1335 1130; x_wconf 90' lang='lat' dir='ltr'><strong>mul·</strong></span> 
     </span>
     <span class='ocr_line' id='line_1_9' title="bbox 240 1167 1336 1268; baseline 0.001 -25"><span class='ocrx_word' id='word_1_56' title='bbox 240 1179 323 1248; x_wconf 82' lang='lat' dir='ltr'><strong>tum</strong></span> <span class='ocrx_word' id='word_1_57' title='bbox 338 1169 503 1257; x_wconf 79' lang='lat' dir='ltr'><strong>interest,</strong></span> <span class='ocrx_word' id='word_1_58' title='bbox 519 1172 607 1266; x_wconf 82' lang='lat' dir='ltr'><strong>ejus</strong></span> <span class='ocrx_word' id='word_1_59' title='bbox 624 1181 726 1246; x_wconf 82' lang='lat' dir='ltr'><strong>certe</strong></span> <span class='ocrx_word' id='word_1_60' title='bbox 742 1171 933 1263; x_wconf 85' lang='lat' dir='ltr'><strong>breviaria,</strong></span> <span class='ocrx_word' id='word_1_61' title='bbox 950 1167 1133 1268; x_wconf 78' lang='lat' dir='ltr'><strong>tanquam</strong></span> <span class='ocrx_word' id='word_1_62' title='bbox 1145 1169 1336 1266; x_wconf 79' lang='lat' dir='ltr'><strong>exanguia</strong></span> 
     </span>
     <span class='ocr_line' id='line_1_10' title="bbox 241 1284 1335 1384; baseline 0 -24"><span class='ocrx_word' id='word_1_63' title='bbox 241 1285 419 1382; x_wconf 72' lang='lat' dir='ltr'><strong>quasdam</strong></span> <span class='ocrx_word' id='word_1_64' title='bbox 440 1294 479 1358; x_wconf 86' lang='lat' dir='ltr'><strong>et</strong></span> <span class='ocrx_word' id='word_1_65' title='bbox 498 1286 629 1360; x_wconf 83' lang='lat' dir='ltr'><strong>leviter</strong></span> <span class='ocrx_word' id='word_1_66' title='bbox 653 1286 880 1361; x_wconf 88' lang='lat' dir='ltr'><strong>adumbrata</strong></span> <span class='ocrx_word' id='word_1_67' title='bbox 905 1284 1142 1384; x_wconf 81' lang='lat' dir='ltr'>pulcherrimi</span> <span class='ocrx_word' id='word_1_68' title='bbox 1167 1286 1335 1382; x_wconf 84' lang='lat' dir='ltr'><strong>corporis</strong></span> 
     </span>
     <span class='ocr_line' id='line_1_11' title="bbox 188 1393 1465 1498; baseline 0 -22"><span class='ocrx_word' id='word_1_69' title='bbox 188 1485 190 1492; x_wconf 14' lang='lat' dir='ltr'>y</span> <span class='ocrx_word' id='word_1_70' title='bbox 242 1398 454 1486; x_wconf 82' lang='lat' dir='ltr'><strong>simulacra,</strong></span> <span class='ocrx_word' id='word_1_71' title='bbox 471 1424 555 1475; x_wconf 83' lang='lat' dir='ltr'><strong>nou</strong></span> <span class='ocrx_word' id='word_1_72' title='bbox 569 1400 670 1476; x_wconf 91' lang='lat' dir='ltr'><strong>omni</strong></span> <span class='ocrx_word' id='word_1_73' title='bbox 686 1425 840 1498; x_wconf 88' lang='lat' dir='ltr'><strong>prorsus</strong></span> <span class='ocrx_word' id='word_1_74' title='bbox 863 1425 958 1475; x_wconf 87' lang='lat' dir='ltr'><strong>cura</strong></span> <span class='ocrx_word' id='word_1_75' title='bbox 981 1393 1136 1496; x_wconf 86' lang='lat' dir='ltr'><strong>indigna</strong></span> <span class='ocrx_word' id='word_1_76' title='bbox 1153 1411 1261 1490; x_wconf 84' lang='lat' dir='ltr'><strong>sunt;</strong></span> <span class='ocrx_word' id='word_1_77' title='bbox 1287 1427 1335 1477; x_wconf 85' lang='lat' dir='ltr'><strong>eo</strong></span> <span class='ocrx_word' id='word_1_78' title='bbox 1462 1394 1465 1400; x_wconf 70' lang='grc'><strong>’</strong></span> 
     </span>
     <span class='ocr_line' id='line_1_12' title="bbox 243 1513 1334 1614; baseline 0.001 -24"><span class='ocrx_word' id='word_1_79' title='bbox 243 1514 396 1612; x_wconf 84' lang='lat' dir='ltr'><strong>quidem</strong></span> <span class='ocrx_word' id='word_1_80' title='bbox 414 1513 546 1610; x_wconf 77' lang='lat' dir='ltr'><strong>magis</strong></span> <span class='ocrx_word' id='word_1_81' title='bbox 565 1516 670 1614; x_wconf 88' lang='lat' dir='ltr'><strong>quod</strong></span> <span class='ocrx_word' id='word_1_82' title='bbox 688 1539 820 1590; x_wconf 88' lang='lat' dir='ltr'><strong>eorum</strong></span> <span class='ocrx_word' id='word_1_83' title='bbox 845 1514 971 1613; x_wconf 89' lang='lat' dir='ltr'><strong>aliqua</strong></span> <span class='ocrx_word' id='word_1_84' title='bbox 987 1522 1045 1590; x_wconf 86' lang='lat' dir='ltr'><strong>est</strong></span> <span class='ocrx_word' id='word_1_85' title='bbox 1062 1516 1110 1590; x_wconf 90' lang='lat' dir='ltr'><strong>ad</strong></span> <span class='ocrx_word' id='word_1_86' title='bbox 1129 1515 1334 1608; x_wconf 82' lang='lat' dir='ltr'>historiam,</span> 
     </span>
     <span class='ocr_line' id='line_1_13' title="bbox 98 1626 1069 1717; baseline 0.002 -12"><span class='ocrx_word' id='word_1_87' title='bbox 98 1657 104 1676; x_wconf 79' lang='lat'><em>.</em></span> <span class='ocrx_word' id='word_1_88' title='bbox 243 1626 310 1706; x_wconf 84' lang='lat' dir='ltr'><strong>ubi</strong></span> <span class='ocrx_word' id='word_1_89' title='bbox 327 1628 458 1705; x_wconf 78' lang='lat' dir='ltr'><strong>livius</strong></span> <span class='ocrx_word' id='word_1_90' title='bbox 474 1629 616 1717; x_wconf 82' lang='lat' dir='ltr'><strong>delicit,</strong></span> <span class='ocrx_word' id='word_1_91' title='bbox 634 1629 899 1708; x_wconf 80' lang='lat' dir='ltr'><strong>illustrandam</strong></span> <span class='ocrx_word' id='word_1_92' title='bbox 914 1629 1069 1706; x_wconf 84' lang='lat' dir='ltr'><strong>utilitas.</strong></span> 
     </span>
     <span class='ocr_line' id='line_1_14' title="bbox 293 1743 1337 1843; baseline 0.003 -25"><span class='ocrx_word' id='word_1_93' title='bbox 293 1743 425 1842; x_wconf 86' lang='lat' dir='ltr'><strong>Atque·</strong></span> <span class='ocrx_word' id='word_1_94' title='bbox 438 1744 519 1820; x_wconf 86' lang='lat' dir='ltr'><strong>haec</strong></span> <span class='ocrx_word' id='word_1_95' title='bbox 537 1753 638 1832; x_wconf 80' lang='lat' dir='ltr'><strong>suut,</strong></span> <span class='ocrx_word' id='word_1_96' title='bbox 658 1767 743 1843; x_wconf 73' lang='lat' dir='ltr'><strong>quse</strong></span> <span class='ocrx_word' id='word_1_97' title='bbox 769 1745 846 1820; x_wconf 85' lang='lat' dir='ltr'><strong>sive</strong></span> <span class='ocrx_word' id='word_1_98' title='bbox 863 1745 914 1818; x_wconf 88' lang='lat' dir='ltr'><strong>ad</strong></span> <span class='ocrx_word' id='word_1_99' title='bbox 932 1743 1028 1819; x_wconf 88' lang='lat' dir='ltr'><strong>Livii</strong></span> <span class='ocrx_word' id='word_1_100' title='bbox 1045 1744 1173 1832; x_wconf 85' lang='lat' dir='ltr'><strong>vitam,</strong></span> <span class='ocrx_word' id='word_1_101' title='bbox 1191 1744 1269 1822; x_wconf 84' lang='lat' dir='ltr'><strong>sive</strong></span> <span class='ocrx_word' id='word_1_102' title='bbox 1285 1747 1337 1821; x_wconf 89' lang='lat' dir='ltr'><strong>ad</strong></span> 
     </span>
     <span class='ocr_line' id='line_1_15' title="bbox 114 1857 1336 1958; baseline 0.005 -30"><span class='ocrx_word' id='word_1_103' title='bbox 114 1923 116 1928; x_wconf 83' lang='lat'><em>.</em></span> <span class='ocrx_word' id='word_1_104' title='bbox 243 1858 327 1952; x_wconf 82' lang='lat' dir='ltr'><strong>ejus</strong></span> <span class='ocrx_word' id='word_1_105' title='bbox 351 1858 477 1956; x_wconf 87' lang='lat' dir='ltr'><strong>operis</strong></span> <span class='ocrx_word' id='word_1_106' title='bbox 502 1861 672 1946; x_wconf 75' lang='lat' dir='ltr'><strong>formam,</strong></span> <span class='ocrx_word' id='word_1_107' title='bbox 694 1857 995 1956; x_wconf 69' lang='lat' dir='ltr'><strong>descriptionem,</strong></span> <span class='ocrx_word' id='word_1_108' title='bbox 1014 1883 1202 1958; x_wconf 89' lang='lat' dir='ltr'><strong>casusque</strong></span> <span class='ocrx_word' id='word_1_109' title='bbox 1224 1860 1336 1958; x_wconf 88' lang='lat' dir='ltr'><strong>perti-</strong></span> 
     </span>
     <span class='ocr_line' id='line_1_16' title="bbox 243 1970 1103 2070; baseline -0.009 -20"><span class='ocrx_word' id='word_1_110' title='bbox 243 1971 386 2060; x_wconf 83' lang='lat' dir='ltr'><strong>nentis,</strong></span> <span class='ocrx_word' id='word_1_111' title='bbox 404 1998 483 2050; x_wconf 86' lang='lat' dir='ltr'><strong>non</strong></span> <span class='ocrx_word' id='word_1_112' title='bbox 500 1973 670 2070; x_wconf 85' lang='lat' dir='ltr'><strong>ignorare</strong></span> <span class='ocrx_word' id='word_1_113' title='bbox 686 1970 811 2070; x_wconf 66' lang='lat' dir='ltr'><strong>eperat</strong></span> <span class='ocrx_word' id='word_1_114' title='bbox 829 1973 988 2070; x_wconf 87' lang='lat' dir='ltr'><strong>pretium</strong></span> <span class='ocrx_word' id='word_1_115' title='bbox 1004 1973 1064 2048; x_wconf 89' lang='lat' dir='ltr'><strong>sit.</strong></span> <span class='ocrx_word' id='word_1_116' title='bbox 1101 2035 1103 2042; x_wconf 15' lang='grc' dir='ltr'><em>Α</em></span> 
     </span>
     <span class='ocr_line' id='line_1_17' title="bbox 30 2087 1336 2216; baseline -0.002 -52"><span class='ocrx_word' id='word_1_117' title='bbox 30 2137 33 2144; x_wconf 91' lang='grc'><strong>-</strong></span> <span class='ocrx_word' id='word_1_118' title='bbox 82 2098 235 2216; x_wconf 39' lang='lat' dir='ltr'><strong>mgb</strong></span> <span class='ocrx_word' id='word_1_119' title='bbox 293 2087 382 2164; x_wconf 85' lang='lat' dir='ltr'><strong>Jam</strong></span> <span class='ocrx_word' id='word_1_120' title='bbox 399 2087 548 2185; x_wconf 79' lang='lat' dir='ltr'><strong>deipae</strong></span> <span class='ocrx_word' id='word_1_121' title='bbox 574 2113 687 2187; x_wconf 90' lang='lat' dir='ltr'><strong>opere</strong></span> <span class='ocrx_word' id='word_1_122' title='bbox 714 2113 882 2196; x_wconf 86' lang='lat' dir='ltr'><strong>agamus,</strong></span> <span class='ocrx_word' id='word_1_123' title='bbox 900 2100 937 2162; x_wconf 90' lang='lat' dir='ltr'><strong>et</strong></span> <span class='ocrx_word' id='word_1_124' title='bbox 963 2088 1046 2182; x_wconf 88' lang='lat' dir='ltr'><strong>ejus</strong></span> <span class='ocrx_word' id='word_1_125' title='bbox 1072 2087 1336 2185; x_wconf 70' lang='lat' dir='ltr'><strong>virtutesque</strong></span> 
     </span>
     <span class='ocr_line' id='line_1_18' title="bbox 82 2202 1336 2302; baseline -0.001 -25"><span class='ocrx_word' id='word_1_126' title='bbox 82 2231 195 2280; x_wconf 66' lang='lat' dir='ltr'><strong>aaran</strong></span> <span class='ocrx_word' id='word_1_127' title='bbox 245 2212 336 2280; x_wconf 87' lang='lat' dir='ltr'><strong>sunt</strong></span> <span class='ocrx_word' id='word_1_128' title='bbox 359 2202 517 2302; x_wconf 61' lang='lat' dir='ltr'><strong>emmim,</strong></span> <span class='ocrx_word' id='word_1_129' title='bbox 538 2203 758 2280; x_wconf 71' lang='lat' dir='ltr'><strong>tumeliam</strong></span> <span class='ocrx_word' id='word_1_130' title='bbox 775 2203 876 2289; x_wconf 84' lang='lat' dir='ltr'><strong>vitia,</strong></span> <span class='ocrx_word' id='word_1_131' title='bbox 893 2202 925 2278; x_wconf 90' lang='lat' dir='ltr'><strong>si</strong></span> <span class='ocrx_word' id='word_1_132' title='bbox 942 2207 1019 2301; x_wconf 89' lang='lat' dir='ltr'><strong>qua</strong></span> <span class='ocrx_word' id='word_1_133' title='bbox 1041 2202 1187 2294; x_wconf 84' lang='lat' dir='ltr'><strong>suerint,</strong></span> <span class='ocrx_word' id='word_1_134' title='bbox 1204 2202 1257 2277; x_wconf 86' lang='lat' dir='ltr'><strong>ita</strong></span> <span class='ocrx_word' id='word_1_135' title='bbox 1272 2227 1336 2277; x_wconf 61' lang='lat' dir='ltr'><strong>err*</strong></span> 
     </span>
     <span class='ocr_line' id='line_1_19' title="bbox 82 2307 1340 2418; baseline -0.005 -22"><span class='ocrx_word' id='word_1_136' title='bbox 82 2307 230 2409; x_wconf 56' lang='grc' dir='ltr'><strong>ζξῗᾞζ.</strong></span> <span class='ocrx_word' id='word_1_137' title='bbox 245 2308 470 2416; x_wconf 80' lang='lat' dir='ltr'><strong>pendemus,</strong></span> <span class='ocrx_word' id='word_1_138' title='bbox 488 2329 584 2394; x_wconf 89' lang='lat' dir='ltr'><strong>utet</strong></span> <span class='ocrx_word' id='word_1_139' title='bbox 600 2315 693 2418; x_wconf 91' lang='lat' dir='ltr'><strong>quid</strong></span> <span class='ocrx_word' id='word_1_140' title='bbox 719 2318 913 2394; x_wconf 81' lang='lat' dir='ltr'><strong>clarissimi</strong></span> <span class='ocrx_word' id='word_1_141' title='bbox 938 2317 1132 2416; x_wconf 87' lang='lat' dir='ltr'><strong>scriptoris</strong></span> <span class='ocrx_word' id='word_1_142' title='bbox 1157 2319 1277 2405; x_wconf 72' lang='lat' dir='ltr'><strong>fama,</strong></span> <span class='ocrx_word' id='word_1_143' title='bbox 1301 2327 1340 2391; x_wconf 88' lang='lat' dir='ltr'><strong>et</strong></span> 
     </span>
     <span class='ocr_line' id='line_1_20' title="bbox 83 2432 1172 2532; baseline -0.006 -19"><span class='ocrx_word' id='word_1_144' title='bbox 83 2436 147 2472; x_wconf 66' lang='lat'><strong>²¹¹⁸*</strong></span> <span class='ocrx_word' id='word_1_145' title='bbox 245 2432 339 2532; x_wconf 87' lang='lat' dir='ltr'><strong>quid</strong></span> <span class='ocrx_word' id='word_1_146' title='bbox 357 2434 503 2510; x_wconf 86' lang='lat' dir='ltr'><strong>veritati</strong></span> <span class='ocrx_word' id='word_1_147' title='bbox 520 2435 713 2522; x_wconf 81' lang='lat' dir='ltr'><strong>debeatur,</strong></span> <span class='ocrx_word' id='word_1_148' title='bbox 732 2433 867 2530; x_wconf 86' lang='lat' dir='ltr'><strong>pariter</strong></span> <span class='ocrx_word' id='word_1_149' title='bbox 882 2432 1172 2512; x_wconf 76' lang='lat' dir='ltr'><strong>meminerimus.</strong></span> 
     </span>
     <span class='ocr_line' id='line_1_21' title="bbox 107 2529 1340 2648; baseline 0.002 -31"><span class='ocrx_word' id='word_1_150' title='bbox 107 2553 131 2617; x_wconf 73' lang='lat' dir='ltr'><strong>S·</strong></span> <span class='ocrx_word' id='word_1_151' title='bbox 144 2555 166 2602; x_wconf 79' lang='lat'><strong>1·</strong></span> <span class='ocrx_word' id='word_1_152' title='bbox 295 2549 358 2624; x_wconf 87' lang='lat' dir='ltr'><strong>Ac</strong></span> <span class='ocrx_word' id='word_1_153' title='bbox 383 2548 504 2648; x_wconf 88' lang='lat' dir='ltr'><strong>primo</strong></span> <span class='ocrx_word' id='word_1_154' title='bbox 521 2550 677 2646; x_wconf 89' lang='lat' dir='ltr'><strong>quidem</strong></span> <span class='ocrx_word' id='word_1_155' title='bbox 706 2547 961 2646; x_wconf 83' lang='lat' dir='ltr'><strong>eloquentiam</strong></span> <span class='ocrx_word' id='word_1_156' title='bbox 977 2547 1069 2623; x_wconf 83' lang='lat' dir='ltr'><strong>tanti</strong></span> <span class='ocrx_word' id='word_1_157' title='bbox 1093 2547 1158 2621; x_wconf 89' lang='lat' dir='ltr'><strong>viri</strong></span> <span class='ocrx_word' id='word_1_158' title='bbox 1167 2529 1340 2620; x_wconf 74' lang='lat' dir='ltr'><strong>&#39;laudare</strong></span> 
     </span>
     <span class='ocr_line' id='line_1_22' title="bbox 82 2619 1338 2761; baseline -0.002 -27"><span class='ocrx_word' id='word_1_159' title='bbox 82 2619 491 2759; x_wconf 42' lang='lat' dir='ltr'><strong>{illiditupervacuae</strong></span> <span class='ocrx_word' id='word_1_160' title='bbox 509 2688 633 2761; x_wconf 75' lang='lat' dir='ltr'><strong>operae</strong></span> <span class='ocrx_word' id='word_1_161' title='bbox 651 2663 712 2738; x_wconf 90' lang='lat' dir='ltr'><strong>sit.</strong></span> <span class='ocrx_word' id='word_1_162' title='bbox 764 2663 889 2746; x_wconf 86' lang='lat' dir='ltr'><strong>Quem</strong></span> <span class='ocrx_word' id='word_1_163' title='bbox 913 2661 1012 2736; x_wconf 88' lang='lat' dir='ltr'><strong>euim</strong></span> <span class='ocrx_word' id='word_1_164' title='bbox 1037 2684 1113 2736; x_wconf 88' lang='lat' dir='ltr'><strong>non</strong></span> <span class='ocrx_word' id='word_1_165' title='bbox 1138 2659 1265 2736; x_wconf 88' lang='lat' dir='ltr'><strong>statim</strong></span> <span class='ocrx_word' id='word_1_166' title='bbox 1285 2659 1338 2732; x_wconf 83' lang='lat' dir='ltr'><strong>le·</strong></span> 
     </span>
     <span class='ocr_line' id='line_1_23' title="bbox 246 2774 1340 2873; baseline -0.002 -21"><span class='ocrx_word' id='word_1_167' title='bbox 246 2787 400 2873; x_wconf 80' lang='lat' dir='ltr'><strong>gentem</strong></span> <span class='ocrx_word' id='word_1_168' title='bbox 411 2777 535 2854; x_wconf 63' lang='lat' dir='ltr'><strong>,allicit</strong></span> <span class='ocrx_word' id='word_1_169' title='bbox 549 2777 765 2854; x_wconf 83' lang='lat' dir='ltr'><strong>inaffectata</strong></span> <span class='ocrx_word' id='word_1_170' title='bbox 780 2778 845 2854; x_wconf 88' lang='lat' dir='ltr'><strong>illa</strong></span> <span class='ocrx_word' id='word_1_171' title='bbox 861 2775 1037 2852; x_wconf 88' lang='lat' dir='ltr'><strong>narrandi</strong></span> <span class='ocrx_word' id='word_1_172' title='bbox 1048 2774 1281 2870; x_wconf 84' lang='lat' dir='ltr'><strong>jucunditas,</strong></span> <span class='ocrx_word' id='word_1_173' title='bbox 1301 2783 1340 2850; x_wconf 88' lang='lat' dir='ltr'><strong>et</strong></span> 
     </span>
     <span class='ocr_line' id='line_1_24' title="bbox 245 2891 1338 2990; baseline 0 -24"><span class='ocrx_word' id='word_1_174' title='bbox 245 2891 425 2989; x_wconf 86' lang='lat' dir='ltr'><strong>limpidus</strong></span> <span class='ocrx_word' id='word_1_175' title='bbox 451 2893 560 2979; x_wconf 89' lang='lat' dir='ltr'><strong>nitor,</strong></span> <span class='ocrx_word' id='word_1_176' title='bbox 589 2893 717 2990; x_wconf 87' lang='lat' dir='ltr'><strong>quiet</strong></span> <span class='ocrx_word' id='word_1_177' title='bbox 743 2892 904 2968; x_wconf 83' lang='lat' dir='ltr'><strong>claritati</strong></span> <span class='ocrx_word' id='word_1_178' title='bbox 929 2891 1077 2981; x_wconf 84' lang='lat' dir='ltr'><strong>serviat,</strong></span> <span class='ocrx_word' id='word_1_179' title='bbox 1102 2913 1175 2966; x_wconf 85' lang='lat' dir='ltr'><strong>nec</strong></span> <span class='ocrx_word' id='word_1_180' title='bbox 1194 2899 1338 2978; x_wconf 81' lang='lat' dir='ltr'><strong>careat,</strong></span> 
     </span>
     <span class='ocr_line' id='line_1_25' title="bbox 246 3004 1340 3104; baseline 0.004 -24"><span class='ocrx_word' id='word_1_181' title='bbox 246 3005 313 3080; x_wconf 93' lang='lat' dir='ltr'><strong>ubi</strong></span> <span class='ocrx_word' id='word_1_182' title='bbox 338 3024 437 3104; x_wconf 89' lang='lat' dir='ltr'><strong>epus</strong></span> <span class='ocrx_word' id='word_1_183' title='bbox 463 3018 532 3101; x_wconf 86' lang='lat' dir='ltr'><strong>est,</strong></span> <span class='ocrx_word' id='word_1_184' title='bbox 552 3007 699 3098; x_wconf 80' lang='lat' dir='ltr'><strong>nervis3</strong></span> <span class='ocrx_word' id='word_1_185' title='bbox 725 3031 801 3082; x_wconf 85' lang='lat' dir='ltr'><strong>non</strong></span> <span class='ocrx_word' id='word_1_186' title='bbox 826 3006 955 3103; x_wconf 89' lang='lat' dir='ltr'><strong>inepto</strong></span> <span class='ocrx_word' id='word_1_187' title='bbox 981 3006 1134 3082; x_wconf 85' lang='lat' dir='ltr'><strong>tumidae</strong></span> <span class='ocrx_word' id='word_1_188' title='bbox 1161 3004 1340 3084; x_wconf 75' lang='lat' dir='ltr'><strong>orationis</strong></span> 
     </span>
     <span class='ocr_line' id='line_1_26' title="bbox 245 3120 1342 3222; baseline -0.001 -24"><span class='ocrx_word' id='word_1_189' title='bbox 245 3123 346 3198; x_wconf 83' lang='lat' dir='ltr'><strong>fastu</strong></span> <span class='ocrx_word' id='word_1_190' title='bbox 362 3121 527 3210; x_wconf 78' lang='lat' dir='ltr'><strong>indatus,</strong></span> <span class='ocrx_word' id='word_1_191' title='bbox 546 3124 615 3198; x_wconf 89' lang='lat' dir='ltr'><strong>sed</strong></span> <span class='ocrx_word' id='word_1_192' title='bbox 642 3123 752 3200; x_wconf 87' lang='lat' dir='ltr'><strong>simul</strong></span> <span class='ocrx_word' id='word_1_193' title='bbox 777 3121 1047 3222; x_wconf 82' lang='lat' dir='ltr'><strong>simplicitatis,</strong></span> <span class='ocrx_word' id='word_1_194' title='bbox 1065 3120 1174 3196; x_wconf 90' lang='lat' dir='ltr'><strong>simul</strong></span> <span class='ocrx_word' id='word_1_195' title='bbox 1192 3121 1342 3197; x_wconf 78' lang='lat' dir='ltr'><strong>mundi·</strong></span> 
     </span>
     <span class='ocr_line' id='line_1_27' title="bbox 237 3236 1341 3339; baseline -0.003 -24"><span class='ocrx_word' id='word_1_196' title='bbox 237 3236 382 3339; x_wconf 36' lang='lat' dir='ltr'><strong>,nomm</strong></span> <span class='ocrx_word' id='word_1_197' title='bbox 398 3262 565 3327; x_wconf 70' lang='lat' dir='ltr'><strong>memort</strong></span> <span class='ocrx_word' id='word_1_198' title='bbox 593 3238 658 3335; x_wconf 89' lang='lat' dir='ltr'><strong>qui</strong></span> <span class='ocrx_word' id='word_1_199' title='bbox 675 3236 849 3334; x_wconf 85' lang='lat' dir='ltr'><strong>aequabili</strong></span> <span class='ocrx_word' id='word_1_200' title='bbox 866 3236 971 3311; x_wconf 85' lang='lat' dir='ltr'><strong>velut</strong></span> <span class='ocrx_word' id='word_1_201' title='bbox 982 3237 1046 3314; x_wconf 86' lang='lat' dir='ltr'><strong>filo</strong></span> <span class='ocrx_word' id='word_1_202' title='bbox 1060 3237 1262 3338; x_wconf 84' lang='lat' dir='ltr'><strong>deductus,</strong></span> <span class='ocrx_word' id='word_1_203' title='bbox 1281 3259 1341 3313; x_wconf 88' lang='lat' dir='ltr'><strong>res</strong></span> 
     </span>
     <span class='ocr_line' id='line_1_28' title="bbox 246 3350 1341 3450; baseline 0.002 -24"><span class='ocrx_word' id='word_1_204' title='bbox 246 3361 376 3447; x_wconf 82' lang='lat' dir='ltr'><strong>gestas</strong></span> <span class='ocrx_word' id='word_1_205' title='bbox 392 3351 445 3428; x_wconf 89' lang='lat' dir='ltr'><strong>ita</strong></span> <span class='ocrx_word' id='word_1_206' title='bbox 462 3351 624 3428; x_wconf 87' lang='lat' dir='ltr'><strong>n&#39;aturali</strong></span> <span class='ocrx_word' id='word_1_207' title='bbox 640 3353 810 3450; x_wconf 86' lang='lat' dir='ltr'><strong>quodam</strong></span> <span class='ocrx_word' id='word_1_208' title='bbox 827 3350 959 3428; x_wconf 80' lang='lat' dir='ltr'><strong>ordine</strong></span> <span class='ocrx_word' id='word_1_209' title='bbox 975 3351 1140 3449; x_wconf 82' lang='lat' dir='ltr'><strong>explicet</strong></span> <span class='ocrx_word' id='word_1_210' title='bbox 1152 3351 1341 3448; x_wconf 73' lang='lat' dir='ltr'><strong>vpaulatim</strong></span> 
     </span>
     <span class='ocr_line' id='line_1_29' title="bbox 246 3465 1341 3565; baseline -0.001 -22"><span class='ocrx_word' id='word_1_211' title='bbox 246 3477 287 3543; x_wconf 82' lang='lat' dir='ltr'><strong>et</strong></span> <span class='ocrx_word' id='word_1_212' title='bbox 312 3466 466 3565; x_wconf 79' lang='lat' dir='ltr'><strong>operiat.</strong></span> <span class='ocrx_word' id='word_1_213' title='bbox 482 3467 535 3543; x_wconf 89' lang='lat' dir='ltr'><strong>ita</strong></span> <span class='ocrx_word' id='word_1_214' title='bbox 553 3465 737 3542; x_wconf 85' lang='lat' dir='ltr'><strong>exhibeat</strong></span> <span class='ocrx_word' id='word_1_215' title='bbox 762 3465 898 3542; x_wconf 86' lang='lat' dir='ltr'><strong>omnia.</strong></span> <span class='ocrx_word' id='word_1_216' title='bbox 912 3465 1007 3542; x_wconf 84' lang='lat' dir='ltr'><strong>locis</strong></span> <span class='ocrx_word' id='word_1_217' title='bbox 1032 3467 1341 3565; x_wconf 81' lang='lat' dir='ltr'><strong>temporibusque</strong></span> 
     </span>
     <span class='ocr_line' id='line_1_30' title="bbox 247 3581 1339 3680; baseline -0.004 -22"><span class='ocrx_word' id='word_1_218' title='bbox 247 3581 438 3670; x_wconf 82' lang='lat' dir='ltr'><strong>distinete,</strong></span> <span class='ocrx_word' id='word_1_219' title='bbox 456 3583 514 3664; x_wconf 78' lang='lat' dir='ltr'><strong>ita,</strong></span> <span class='ocrx_word' id='word_1_220' title='bbox 528 3605 622 3658; x_wconf 86' lang='lat' dir='ltr'><strong>suos</strong></span> <span class='ocrx_word' id='word_1_221' title='bbox 646 3581 779 3658; x_wconf 83' lang='lat' dir='ltr'><strong>allinot</strong></span> <span class='ocrx_word' id='word_1_222' title='bbox 804 3582 915 3657; x_wconf 87' lang='lat' dir='ltr'><strong>rebus</strong></span> <span class='ocrx_word' id='word_1_223' title='bbox 932 3591 970 3658; x_wconf 86' lang='lat' dir='ltr'><strong>et</strong></span> <span class='ocrx_word' id='word_1_224' title='bbox 986 3581 1155 3680; x_wconf 86' lang='lat' dir='ltr'><strong>personis</strong></span> <span class='ocrx_word' id='word_1_225' title='bbox 1181 3582 1339 3668; x_wconf 88' lang='lat' dir='ltr'><strong>colores,</strong></span> 
     </span>
     <span class='ocr_line' id='line_1_31' title="bbox 246 3695 1342 3794; baseline -0.002 -22"><span class='ocrx_word' id='word_1_226' title='bbox 246 3705 291 3772; x_wconf 90' lang='lat' dir='ltr'><strong>ut</strong></span> <span class='ocrx_word' id='word_1_227' title='bbox 307 3721 438 3775; x_wconf 86' lang='lat' dir='ltr'><strong>coram</strong></span> <span class='ocrx_word' id='word_1_228' title='bbox 456 3695 516 3792; x_wconf 82' lang='lat' dir='ltr'><strong>agi</strong></span> <span class='ocrx_word' id='word_1_229' title='bbox 532 3695 1005 3792; x_wconf 63' lang='lat' dir='ltr'><strong>cernique,1&#39;ronr‹lescribi</strong></span> <span class='ocrx_word' id='word_1_230' title='bbox 1031 3721 1090 3774; x_wconf 85' lang='lat' dir='ltr'><strong>res</strong></span> <span class='ocrx_word' id='word_1_231' title='bbox 1115 3695 1342 3794; x_wconf 78' lang='lat' dir='ltr'><strong>auribusque</strong></span> 
     </span>
     <span class='ocr_line' id='line_1_32' title="bbox 246 3808 1342 3910; baseline -0.002 -22"><span class='ocrx_word' id='word_1_232' title='bbox 246 3810 368 3908; x_wconf 82' lang='lat' dir='ltr'><strong>accipi</strong></span> <span class='ocrx_word' id='word_1_233' title='bbox 395 3809 614 3890; x_wconf 84' lang='lat' dir='ltr'><strong>videanturl</strong></span> <span class='ocrx_word' id='word_1_234' title='bbox 658 3808 763 3893; x_wconf 80' lang='lat' dir='ltr'><strong>Quid</strong></span> <span class='ocrx_word' id='word_1_235' title='bbox 786 3810 914 3892; x_wconf 83' lang='lat' dir='ltr'><strong>dicere</strong></span> <span class='ocrx_word' id='word_1_236' title='bbox 930 3835 1025 3910; x_wconf 89' lang='lat' dir='ltr'><strong>opus</strong></span> <span class='ocrx_word' id='word_1_237' title='bbox 1042 3826 1101 3888; x_wconf 86' lang='lat' dir='ltr'><strong>est</strong></span> <span class='ocrx_word' id='word_1_238' title='bbox 1118 3813 1169 3886; x_wconf 90' lang='lat' dir='ltr'><strong>de</strong></span> <span class='ocrx_word' id='word_1_239' title='bbox 1182 3808 1342 3886; x_wconf 81' lang='lat' dir='ltr'><strong>incredi·</strong></span> 
     </span>
     <span class='ocr_line' id='line_1_33' title="bbox 137 3914 1344 4028; baseline 0.001 -27"><span class='ocrx_word' id='word_1_240' title='bbox 137 3983 140 3987; x_wconf 85' lang='grc'>-</span> <span class='ocrx_word' id='word_1_241' title='bbox 248 3914 310 4002; x_wconf 90' lang='lat' dir='ltr'><strong>bili</strong></span> <span class='ocrx_word' id='word_1_242' title='bbox 337 3925 401 4002; x_wconf 89' lang='lat' dir='ltr'><strong>illa</strong></span> <span class='ocrx_word' id='word_1_243' title='bbox 411 3924 645 4004; x_wconf 32' lang='lat' dir='ltr'><strong>reonciouum</strong></span> <span class='ocrx_word' id='word_1_244' title='bbox 663 3924 746 4020; x_wconf 86' lang='lat' dir='ltr'><strong>ejus</strong></span> <span class='ocrx_word' id='word_1_245' title='bbox 764 3938 802 4004; x_wconf 88' lang='lat' dir='ltr'><strong>et</strong></span> <span class='ocrx_word' id='word_1_246' title='bbox 819 3927 1031 4028; x_wconf 83' lang='lat' dir='ltr'><strong>orationum</strong></span> <span class='ocrx_word' id='word_1_247' title='bbox 1056 3925 1290 4024; x_wconf 61' lang='lat' dir='ltr'><strong>eloquentia,</strong></span> <span class='ocrx_word' id='word_1_248' title='bbox 1303 3924 1344 4002; x_wconf 84' lang='lat' dir='ltr'><strong>in</strong></span> 
     </span>
     <span class='ocr_line' id='line_1_34' title="bbox 246 4037 1343 4142; baseline -0.002 -26"><span class='ocrx_word' id='word_1_249' title='bbox 246 4038 384 4136; x_wconf 85' lang='lat' dir='ltr'><strong>quibus</strong></span> <span class='ocrx_word' id='word_1_250' title='bbox 397 4039 556 4118; x_wconf 81' lang='lat' dir='ltr'><strong>eximius</strong></span> <span class='ocrx_word' id='word_1_251' title='bbox 570 4040 732 4139; x_wconf 84' lang='lat' dir='ltr'><strong>scriptor</strong></span> <span class='ocrx_word' id='word_1_252' title='bbox 744 4043 889 4120; x_wconf 84' lang='lat' dir='ltr'><strong>nullam</strong></span> <span class='ocrx_word' id='word_1_253' title='bbox 901 4065 982 4122; x_wconf 87' lang='lat' dir='ltr'><strong>nou</strong></span> <span class='ocrx_word' id='word_1_254' title='bbox 993 4040 1177 4142; x_wconf 86' lang='lat' dir='ltr'><strong>expressit</strong></span> <span class='ocrx_word' id='word_1_255' title='bbox 1189 4037 1343 4118; x_wconf 88' lang='lat' dir='ltr'><strong>dicendi</strong></span> 
     </span>
     <span class='ocr_line' id='line_1_35' title="bbox 246 4150 1359 4266; baseline 0.002 -40"><span class='ocrx_word' id='word_1_256' title='bbox 246 4153 426 4234; x_wconf 74' lang='lat' dir='ltr'><strong>laudem?</strong></span> <span class='ocrx_word' id='word_1_257' title='bbox 478 4155 525 4237; x_wconf 89' lang='lat' dir='ltr'><strong>ln</strong></span> <span class='ocrx_word' id='word_1_258' title='bbox 538 4155 588 4246; x_wconf 86' lang='lat' dir='ltr'><strong>iis</strong></span> <span class='ocrx_word' id='word_1_259' title='bbox 600 4157 811 4249; x_wconf 76' lang='lat' dir='ltr'><strong>sententiar,</strong></span> <span class='ocrx_word' id='word_1_260' title='bbox 829 4169 911 4266; x_wconf 81' lang='lat' dir='ltr'><strong>tum</strong></span> <span class='ocrx_word' id='word_1_261' title='bbox 930 4150 1127 4257; x_wconf 61' lang='lat' dir='ltr'><strong>graviore,</strong></span> <span class='ocrx_word' id='word_1_262' title='bbox 1149 4167 1230 4234; x_wconf 85' lang='lat' dir='ltr'><strong>tum</strong></span> <span class='ocrx_word' id='word_1_263' title='bbox 1250 4179 1359 4238; x_wconf 71' lang='lat' dir='ltr'><strong>acu-3</strong></span> 
     </span>
    </p>
   </div>
   <div class='ocr_carea' id='block_1_3' title="bbox 0 0 1535 4980">
    <p class='ocr_par' dir='ltr' id='par_1_3' title="bbox 0 0 1535 4980">
     <span class='ocr_line' id='line_1_36' title="bbox 0 0 1535 4980; baseline 0 0"><span class='ocrx_word' id='word_1_264' title='bbox 0 0 1535 4980; x_wconf 95' lang='lat' dir='ltr'><strong> </strong></span> 
     </span>
    </p>
   </div>
  </div>
 </body>
</html>
