3042 4980
190 305 191 310 Ν
297 191 361 270 xvi
667 161 1016 276 inerme.

296 389 344 466 iis'
368 385 433 488 qui
456 383 793 484 supersunt'libris'
809 391 1073 478 metuerentur,
1097 393 1226 459 mer
1252 383 1381 482 pisci-

296 495 371 605 pue
387 501 553 602 quadam
570 511 611 576 et
634 491 950 587 admirationem
972 499 1092 573 effuse
1107 498 1212 576 velut
1225 501 1382 584 rnmtste

295 615 518 716 complexus
544 641 630 692 esse
653 616 821 692 videtur:
860 615 964 692 unde
989 613 1126 690 minus
1143 613 1275 692 mirum
1307 624 1380 703 est,

294 733 399 832 quod
417 731 498 829 ejus
516 730 633 807 emori
658 729 881 831 plusculum,
899 733 1013 828 quern
1038 729 1217 804 coneedit
1229 730 1380 818 veritas,
1404 826 1407 834 .

294 847 450 946 largitus
475 846 535 922 sit.
587 844 676 922 Fuit
697 867 790 920 sene
815 842 945 942 Scipio
969 865 1047 918 non
1071 844 1194 920 solnm
1219 845 1382 922 victoriis

293 962 565 1062 triumphisque
581 959 715 1051 clerus,
734 959 804 1036 sed
821 971 859 1034 et
883 959 933 1034 ub
949 956 1118 1056 egregins
1136 958 1250 1034 enimi
1267 958 1391 1036 virtu-⁵

293 1081 351 1154 tes
368 1076 480 1175 plene
496 1075 678 1164 amabilis,
692 1073 921 1161 comitatem,
931 1073 1237 1163 munificentiam,
1249 1077 1384 1153 mode-

294 1191 488 1268 rationem.
540 1190 643 1275 Quin
660 1201 697 1264 et
712 1187 847 1287 negari
859 1211 936 1262 non
960 1197 1086 1285 potest
1110 1213 1196 1266 eum
1212 1190 1384 1290 volupta-

295 1318 363 1394 tes,
380 1305 442 1381 ubi
459 1330 549 1380 usus
561 1303 780 1404 reipublice
793 1302 1010 1402 postularet,
1023 1305 1216 1400 aspernari
1229 1306 1383 1400 solitum

218 1445 219 1454 ¹
295 1443 393 1508 esse,
412 1431 451 1495 et
471 1421 617 1494 benere
642 1417 828 1504 libidines,
847 1441 896 1492 ne
920 1417 1033 1492 rebus
1056 1418 1231 1515 gerendis
1256 1433 1385 1497 essent

294 1533 578 1640 impedimento.
630 1532 750 1628 Cujus
776 1531 890 1611 enimi
914 1530 1058 1628 insigne
1086 1531 1281 1631 speci-en
1301 1536 1382 1611 edi·

294 1647 365 1737 dit,
382 1675 500 1748 quum
517 1650 566 1724 ed
585 1673 669 1724 eum
685 1657 775 1747 post
789 1664 928 1723 novem
944 1645 1212 1744 Carthaginem
1231 1660 1383 1747 captum
1407 1722 1410 1726 .

293 1765 465 1842 edduote
480 1789 505 1840 o
529 1763 705 1840 militibus
729 1774 789 1838 est
813 1759 944 1836 adulte
959 1760 1075 1859 virgo,
1094 1763 1234 1839 eximie
1250 1763 1382 1854 forme,
1427 1769 1434 1786 “

294 1905 409 1981 quem
433 1879 560 1957 statim
587 1877 806 1977 parentibus
840 1887 879 1952 et
905 1898 1047 1978 sponso
1075 1876 1253 1956 reddidit.
1303 1881 1384 1956 Sed

223 2007 226 2014 “
294 1994 424 2071 Livius
454 2019 539 2072 eum
567 1993 702 2070 Stoice
726 1991 892 2090 quedem
924 1989 1157 2074 continentis
1189 1991 1384 2070 libidinum
1435 2006 1442 2026 ²

294 2109 504 2186 mirabilem
540 2109 687 2184 edicere
722 2104 850 2208 voluit,
885 2129 933 2184 ne
966 2105 1050 2204 quis
1083 2107 1226 2186 seilicet
1255 2131 1385 2186 nevus

294 2224 482 2323 egregium
512 2247 650 2322 eorpus
676 2223 912 2300 deformaret.
964 2220 1100 2320 Itaque
1132 2223 1196 2298 ubi
1226 2211 1304 2324 egit
1335 2227 1386 2300 de

293 2338 359 2416 ille
384 2338 546 2439 captiuo,
565 2337 673 2434 eujus
699 2336 817 2412 ruodo
843 2335 1070 2412 mentionem
1096 2337 1264 2429 fecimus,
1283 2367 1386 2440 quae-

246 2437 252 2450 ¹
295 2456 386 2531 dnm
413 2455 563 2547 omittit,
592 2454 768 2554 quedem
796 2451 871 2528 elio
899 2453 1112 2550 detorquet,
1137 2479 1222 2552 quae
1251 2482 1276 2530 a
1308 2457 1386 2532 Po-

296 2568 399 2667 lybio
426 2567 647 2666 simpliciter
671 2579 710 2643 et
732 2567 893 2664 ingenue
918 2578 1126 2644 memorate
1143 2570 1285 2647 docent
1304 2570 1387 2646 Sci-

295 2682 447 2782 pionem
471 2706 551 2759 non
576 2680 823 2759 contemsisse
847 2681 959 2780 plene
983 2680 1208 2782 voluptates,
1224 2685 1294 2760 sed
1317 2711 1387 2762 ees

297 2799 401 2878 bono
416 2795 631 2897 reipublice
648 2797 930 2897 posthabuisse.

344 2914 511 2991 Juvenes
531 2911 685 3011 quidam
707 2910 885 3002 Romani,
903 2911 1026 3013 inquit
1047 2913 1231 3014 Polybius
1247 2914 1313 2994 lib.
1328 2915 1385 2996 X.

295 3027 473 3127 virginem
498 3025 621 3104 aetstis
645 3025 740 3105 flore
761 3037 802 3102 et
818 3027 945 3104 forme
962 3027 1128 3105 bonitate
1144 3039 1388 3130 prestantem

295 3144 345 3222 od
360 3141 578 3242 Scipionem
591 3142 803 3234 adducunt,
814 3165 930 3242 quum
943 3141 1210 3246 observassent
1222 3169 1307 3222 eum
1321 3169 1390 3222 ou·

72 3293 74 3300 ⁴
162 3275 169 3288 '
292 3259 426 3360 pidum
451 3282 538 3334 esse
564 3257 810 3358 voluptatum,
829 3271 975 3359 pso-frte
988 3269 1065 3338 ὅπα.
1094 3259 1166 3334 boc
1191 3259 1390 3360 supprimit

294 3373 449 3452 omnino
465 3371 606 3450 Livius.
659 3371 885 3472 Respondet
893 3372 969 3448 illis
981 3371 1181 3468 juvenibus
1195 3367 1297 3472 opud
1312 3373 1391 3450 Po·

294 3487 438 3587 lybium
464 3487 593 3588 Scipio
619 3515 671 3578 se,
698 3489 731 3565 si
754 3489 920 3588 privatus
936 3488 1086 3577 viveret,
1112 3488 1256 3566 nullum
1282 3489 1390 3568 eliud

294 3603 436 3702 gratius
452 3603 626 3703 accipere
642 3604 812 3702 potuisse
828 3627 984 3695 munus;
1009 3603 1168 3706 nullum,
1186 3631 1303 3704 quum
1317 3605 1390 3681 im-

295 3729 448 3819 perator
471 3732 583 3808 esset,
602 3718 724 3796 minus
740 3729 901 3816 gratum.
950 3719 1319 3818 Quodresponsum,
1344 3721 1391 3796 li-

295 3844 357 3912 oet
373 3859 442 3934 per
465 3859 507 3912 se
532 3834 634 3910 baud
660 3834 875 3922 obscurum,
893 3831 1058 3934 explicet
1082 3836 1244 3935 apertius
1261 3846 1391 3912 temen

297 3948 503 4047 Polybius:
529 3959 578 4040 et,
594 3950 685 4025 dum
703 3947 879 4048 explicat,
895 3951 985 4026 setis
998 3962 1156 4026 testetur
1167 3975 1209 4026 se
1224 3950 1392 4050 ipsemet

276 4063 484 4164 ¹Scipionis
499 4066 614 4142 verbe
638 4062 823 4144 attulisse.
877 4061 966 4142 Hoc
991 4064 1164 4142 nimirum
1188 4064 1305 4154 dieto,
1331 4065 1392 4143 in·

295 4178 387 4281 quit,
415 4179 593 4261 innuebat
628 4179 767 4281 Scipio,
794 4179 986 4280 ejusmodi
1014 4203 1073 4257 res
1098 4203 1167 4281 per
1188 4178 1324 4279 quietis
1350 4190 1392 4256 et
1514 4225 1515 4238 ι
