3120 4984
452 263 546 326 nra.
569 249 680 325 tniv.
708 249 812 326 'cnr
842 265 895 324 ru.
1154 255 1212 323 tes

138 429 242 494 Dium
266 441 299 495 et
324 429 450 507 Philan,
470 437 591 517 oraque
616 432 723 508 maris,
745 431 810 496 la'te
835 437 966 517 patente
990 447 1031 494 ex
1056 437 1121 492 ta'rn
1145 429 1252 494 'aitou
1265 429 1291 485 i'.
1304 431 1361 488 aaa

132 516 216 602 jugo
236 523 419 602 prospectu,
436 518 536 582 oculis
558 518 734 604 subjicitur.
779 518 933 594 Quaeres
954 514 1100 580 'accendit
1122 509 1253 581 militi*
1266 509 1293 550 ⁰⁸
1306 504 1362 553 ¹⁶⁹⁹

137 605 273 680 animos,
293 611 462 690 'postquam
487 627 643 669 summam
668 604 753 682 belii,
775 627 812 668 ac
835 605 938 692 regias
960 625 1070 668 omnes
1092 603 1212 686 copias,

136 700 322 840 terramrpue
336 690 483 756 hostilem
498 705 563 756 tam
579 715 597 755 e
615 692 796 778 propinquo
811 697 1054 776 conspexerunt.
1101 692 1215 775 itaque

137 799 240 864 quum
256 801 385 855 sacres,
402 778 549 863 protinus
564 777 694 842 duceret
709 777 750 841 ad
768 792 871 842 castra
885 777 1035 853 hostium,
1052 776 1213 841 consulem

136 862 365 942 hortarentur3
388 866 455 930 dies
478 887 560 929 unus
582 863 669 928 fessis
692 863 801 928 labore
823 865 882 928 viae
906 864 944 926 ad
962 865 1099 947 quietem
1121 862 1214 928 datus
1239 875 1243 904 ²

62 987 64 994 ·
136 964 195 1030 est.
220 954 316 1016 tertio
338 953 398 1028 dic,
414 963 507 1037 parte
528 952 692 1036 copiarum
709 951 750 1015 ad
772 949 957 1036 praesidium
973 962 1148 1014 castrorum
1164 971 1214 1014 res
1258 946 1261 958 ’

136 1037 226 1114 licta,
243 1038 355 1102 consul
371 1039 412 1104 a'd
427 1038 550 1103 hostem
564 1038 662 1103 ducit.

180 1125 244 1188 1v.
270 1125 410 1211 Hippias
433 1148 535 1212 nuper
557 1124 598 1189 ad
620 1124 774 1190 tuendum
797 1125 911 1189 saltum
934 1124 975 1189 ab
1001 1147 1077 1211 rege
1098 1124 1371 1208 missusaevapm·

135 1222 225 1276 erat:
242 1212 312 1298 'qui‚
329 1234 371 1276 ex
388 1235 452 1299 quo
463 1225 570 1277 'castra
587 1211 734 1276 Romana
749 1215 781 1276 in
798 1211 925 1276 tumulo
937 1211 1116 1296 conspexit,
1130 1215 1254 1294 prae-¹¹²
1266 1226 1324 1260 ⁶¹¹¹ss
1346 1278 1351 1290 ,

133 1298 260 1380 paratis
271 1301 315 1362 'ad
331 1307 496 1363 'certamen
512 1299 627 1363 animis
645 1321 786 1378 suorum,
803 1298 940 1363 venienti
956 1298 1076 1386 agmini
1097 1279 1364 1390 consu-ffiff‘dmb

134 1385 174 1450 lis
190 1385 397 1450 obvius'fuit:
421 1387 453 1458 e't
469 1385 609 1450 Romani
631 1385 768 1471 expediti
791 1385 831 1450 ad
853 1407 994 1474 pugnam
1011 1385 1164 1462 exierant,
1180 1395 1213 1468 ct

131 1471 352 1537 'hostea'levis
374 1477 536 1538 armatura
557 1487 637 1554 erat,
653 1473 901 1557 promtissimam
922 1495 1024 1560 genus
1047 1471 1088 1535 ad
1111 1471 1211 1550 iaces-¹

135 1558 275 1625 sendum
295 1571 466 1624 certamen.
513 1559 682 1647 Congressi
707 1560 807 1646 igitur
832 1559 1006 1643 externplo,
1019 1557 1084 1623 'teia
1106 1560 1212 1644 conje‘a

131 1657 264 1710 ¹cerunt.
287 1645 391 1710 muita
408 1647 575 1732 'utrimque
598 1646 731 1711 vulnera
756 1647 926 1712 temerario
949 1646 1078 1712 incursu
1102 1660 1134 1708 et
1158 1668 1211 1710 ac-

134 1747 241 1818 cepta,
258 1744 289 1796 et
304 1731 418 1798 inlata:
438 1733 535 1818 'pauci
558 1733 722 1819 utriusque
743 1732 843 1818 partis
864 1733 1057 1798 ceciderunt.
1103 1733 1212 1797 irrita·
1287 1811 1289 1818 Ι

42 1823 43 1828 ’
135 1822 176 1883 tis
193 1822 229 1883 in
256 1829 419 1905 posterum
442 1820 525 1884 diem
542 1819 666 1897 animis,
683 1819 854 1906 majoribus
876 1819 976 1903 copiis
1002 1831 1096 1905 atque
1118 1817 1211 1884 infes-

132 1907 199 1972 'tius
217 1913 408 1971 concursum
432 1907 472 1970 ab
491 1906 563 1983 illis,
581 1907 608 1970 si
630 1906 692 1971 ioci
715 1908 789 1970 satis
805 1906 844 1970 ad
864 1906 1089 1992 explicandam
1113 1905 1210 1969 aciem

134 1992 266 2058 fuisset:
298 1996 415 2082 jugum
434 1994 572 2071 montis,
603 1994 636 2057 in
669 2005 839 2081 angustum
868 1993 1001 2058 dorsum
1031 2005 1211 2070 cuneatum,

134 2082 190 2147 vix
213 2081 240 2120 1⁸
248 2082 347 2145 ternis
361 2080 528 2144 ordinibus
544 2092 738 2145 armatorum
754 2082 786 2144 in
802 2079 907 2144 fronte
929 2080 1043 2166 patuit.
1089 2081 1213 2166 Itaque,

135 2169 251 2254 paucis
279 2167 506 2255 pugnantibus,
534 2175 638 2231 cetera
667 2167 848 2243 multituda
866 2171 1035 2252 ‘praecipue
1060 2168 1115 2252 qui
1141 2189 1214 2254 gra·

132 2256 224 2320 vium
249 2276 411 2320 armorum
433 2267 534 2328 erant,
551 2267 743 2336 spectatores
765 2275 884 2342 pugnae
906 2255 1040 2317 stabant.
1063 2253 1141 2316 leuis
1162 2274 1213 2315 ar·

131 2351 267 2407 'matura
281 2342 375 2406 etiam
395 2363 454 2426 per
469 2339 639 2405 amfractus
656 2341 728 2428 jugi
743 2349 942 2425 procurrere,
958 2353 990 2403 et
1004 2338 1045 2403 ab
1061 2339 1212 2404 lateribus

126 2437 212 2494 *cum
236 2428 298 2493 levi
320 2442 482 2493 armatura
496 2428 522 2466 ¹⁹
531 2449 706 2504 conserere,
721 2427 910 2513 periniqua
925 2439 1021 2512 atque
1037 2448 1127 2511 aequa
1142 2425 1213 2490 loca

133 2535 281 2600 pugnarn
305 2529 423 2600 petere.
446 2537 494 2596 ac,
509 2515 655 2599 pluribus
676 2537 713 2579 ea
733 2513 981 2590 die'vulneratis,
998 2532 1093 2599 quam
1114 2515 1212 2576 in'ter-

133 2601 236 2680 fectis‚
253 2601 406 2686 proelium
429 2615 525 2666 nocte
538 2601 712 2666 diremtum
728 2605 783 2666 es't.
829 2599 943 2665 Tertio
958 2600 1009 2664 die
1023 2622 1116 2686 egere
1136 2621 1213 2662 con-

107 2751 110 2757 .
134 2689 209 2753 silio
227 2689 394 2754 Romanus
410 2690 599 2773 imperator:
615 2697 697 2752 ‘nam
714 2695 817 2775 n'equ'e
830 2697 960 2752 manere
973 2687 1005 2751 in
1016 2687 1212 2772 jugoinopi.

135 2797 244 2862 neque
259 2777 384 2862 regredi
407 2777 474 2840 sine
490 2775 621 2863 flagitio,
638 2783 734 2862 atq'ne
748 2776 841 2840 etiam
866 2774 1027 2860 periculo;
1050 2772 1139 2837 ²⁰sed
1162 2795 1212 2837 ce-

134 2862 226 2926 denti
242 2885 283 2927 ex
298 2863 512 2948 superioribus
527 2863 605 2926 locis
625 2863 741 2927 instare
765 2863 863 2926 hos'tis
885 2871 1028 2946 poterat:
1052 2881 1111 2925 nec
1126 2859 1213 2924 aliud

136 2949 290 3030 restabat,
306 2972 401 3035 quam
422 2949 573 3014 audacter
593 2950 796 3014 commissum
813 2949 967 3034 pertinaci
982 2947 1133 3026 audacia·
1163 2961 1214 3011 ure

133 3035 278 3128 prudens
292 3037 502 3101 interdum'in
517 3037 605 3101 exitu
628 3049 685 3113 est,
709 3037 879 3122 corrigere.
926 3037 1066 3099 Ventum
1083 2970 1211 3121 quidem

135 3132 206 3187 erat
221 3135 332 3200 eo,'ut‚
349 3124 374 3187 si
394 3122 517 3188 hostem
539 3121 673 3186 similem
689 3123 826 3208 antiquis
843 3120 1062 3186 Macedonum
1086 3121 1213 3207 regibus

134 3209 300 3274 habuisset
321 3210 442 3286 consul,
465 3229 586 3296 magna
604 3208 709 3273 clades
732 3208 832 3292 accipi
855 3209 1005 3291 potuerit.
1029 3207 1095 3284 sed,
1112 3230 1211 3292 quum

136 3297 179 3361 ad
208 3296 311 3362 Dium
336 3317 394 3382 per
422 3296 518 3360 litora
543 3317 617 3360 cum
645 3293 805 3381 equitibus
830 3310 997 3382 vagaretur
1021 3317 1090 3370 rex,
1114 3294 1213 3358 et-ab

137 3383 310 3449 duodecim
326 3383 465 3448 millibus
495 3405 595 3468 prope
618 3379 788 3446 clamorem
815 3391 847 3446 et
873 3381 1038 3465 strepitum
1065 3402 1212 3467 pugnan-

129 3471 217 3535 tium
241 3470 376 3548 audiret,
392 3491 452 3533 nec
474 3471 565 3534 auxit
584 3470 691 3555 copias
714 3469 855 3557 integros
878 3466 964 3532 fessis
983 3467 1211 3545 submittendo,

129 3559 242 3643 'neque
270 3557 347 3642 ipse,
378 3557 465 3643 quod
498 3556 672 3643 plurimum
689 3557 863 3632 intererat,
894 3554 1060 3620 certamini
1090 3549 1209 3638 adfuit:

136 3665 237 3730 quum
256 3644 421 3710 Romanus
438 3644 622 3727 imperator,
639 3645 740 3729 major
766 3641 931 3744 sexaginta
957 3641 1059 3718 annis,
1075 3654 1106 3706 et
1128 3662 1211 3725 prae·
1263 3701 1266 3708 .

113 3803 117 3819 y
137 3731 244 3882 gravis
259 3753 404 3814 corpore,
421 3731 529 3794 omnia
543 3730 695 3820 militaria
709 3751 850 3795 munera
866 3752 933 3814 rpse
945 3728 1081 3815 “inpigre
1095 3727 1210 3792 obiret.
1310 3748 1312 3752 ·

192 3818 279 3905 regie
293 3817 335 3882 ad
349 3817 496 3882 ultimum
513 3817 543 3880 in
560 3817 710 3882 audacter
724 3819 893 3883 commisso
913 3815 1141 3902 perseveravit:
1167 3827 1209 3892 et,

131 3831 136 3838 ’
169 3841 191 3906 Β

166 4073 205 4131 'le
212 4079 226 4108 ⁸
235 4081 318 4128 Tarnis
325 4081 459 4129 ordinibus.
469 4078 607 4144 :infrontd
614 4082 659 4128 Or·
687 4082 815 4130 'Alterutra
825 4095 873 4128 vox
884 4084 992 4141 profecto
1002 4075 1100 4130 excidit.

138 4149 208 4194 dines
224 4147 264 4193 hic
281 4145 432 4208 intelligendi
444 4148 557 4210 videntur
572 4147 660 4193 intror-
724 4145 756 4192 20
772 4147 820 4193 Sed
829 4145 916 4192 cedenti
928 4179 934 4193 .
945 4180 967 4195 ..
980 4149 1068 4194 tractare
1078 4147 1211 4210 imatia'pot-

137 4208 195 4259 sum
211 4210 410 4274 porrecti‚itaut
426 4212 617 4258 terni'homines
633 4211 659 4258 in
686 4209 754 4271 erat]
773 4210 896 4257 Emendat
914 4213 1066 4272 Gronoviusz
1083 4213 1154 4259 'Nam
1172 4228 1213 4262 aa·

139 4277 219 4323 fronte
230 4281 321 4333 essent,
335 4289 395 4338 qnos
410 4277 555 4338 equabatur
565 4289 580 4322 a
595 4281 664 4336 tergo
687 4278 841 4340 'quemme
851 4275 942 4336 tnjago
953 4277 1025 4335 inopi,
1036 4291 1107 4337 neque
1117 4279 1213 4339 regredi

137 4341 226 4402 longus
244 4341 302 4386 mdo
322 4335 430 4389 suorum.
465 4341 531 4388 Hinc
549 4337 659 4404 paucitas
691 4341 929 4402 etneflogitiantquc
943 4340 1212 4400 etiomperimiaatee·

131 4406 312 4466 ‘pugnantium
322 4420 381 4453 mox
393 4421 408 4452 a
418 4407 488 4453 Livio
499 4411 591 4456 notata.
685 4406 754 4454 'denti
770 4403 966 4464 comperior-ibus
980 4405 1143 4466 inclamatam
1159 4409 1212 4454 itae·

171 4470 202 4516 19
221 4465 357 4534 Consum]
368 4471 482 4528 Manum,
492 4473 530 4519 vel
542 4483 658 4534 pugnam.
685 4468 732 4532 ta,
738 4463 839 4534 poteret.
