3116 4986
450 191 654 252 LIB'ROR.
681 191 899 251 DEPERD.
1138 195 1197 254 257
1268 237 1273 248 ,

137 355 213 416 liam
234 357 495 432 trunsoendernnt,
511 358 672 420 exercitum
692 358 822 432 duceret,
838 351 962 438 rogatus
982 353 1022 416 ab
1037 353 1153 418 AEduis
1167 363 1197 418 et

137 439 296 523 Sequanis,
320 461 443 524 quorum
464 463 540 526 ager
554 442 777 524 possidebatur,
800 443 1035 524 trepidationem
1056 441 1195 516 militum,

130 533 262 608 prepter
282 536 388 589 metum
410 548 552 591 nouorum
566 529 693 591 bostium
715 536 823 612 ortam,
838 527 1029 589 adloaetione
1049 527 1196 590 exereitus

138 610 283 690 inhibuit,
294 621 324 675 et
334 613 545 694 uictosproelio
556 613 725 678 Germanos
738 613 849 678 Gallia
860 613 985 694 enpnlit.
1014 611 1065 674 M.
1080 611 1195 688 Cicero,

139 697 288 778 Pompeio
311 699 392 762 inter
416 701 495 762 alios
518 709 641 773 orante,
662 709 692 762 et
715 697 789 761 69Τ.
804 700 907 763 Annio
931 697 1050 760 Milone
1073 697 1197 761 tribuno

131 782 235 866 plebis
259 793 377 866 agente,
405 786 527 868 ingenti
548 787 664 868 gaudio
688 795 809 848 senatus
833 805 870 846 ac
895 785 988 846 totins
1013 784 1127 863 Italia,
1156 784 1196 847 ab

137 868 247 931 exsilio
260 871 398 933 rednems
411 880 464 934 est.
510 871 566 934 Cn'.
581 872 729 952 Pompeio
746 891 805 952 per
819 869 1050 953 quinquennium
1065 889 1198 932 annona

137 973 213 1016 arra
233 956 380 1018 marana
402 965 455 1020 est.
501 957 606 1020 Caesar
628 954 804 1033 Ambianos,
825 956 1004 1030 Suessiones,
1032 955 1197 1019 Veronen-

135 1041 223 1122 'duos,
239 1037 409 1124 Atrebates,
425 1042 590 1126 Belgarum
606 1045 747 1124 populos,
767 1061 891 1125 quorum
912 1042 1018 1124 ingens
1038 1043 1201 1104 multitudo
1232 1073 1237 1088 s

139 1135 218 1201 erat,
229 1127 343 1206 proelio
364 1129 456 1190 uictos
478 1129 512 1190 in
526 1129 707 1190 deditionem
729 1129 865 1209 occepit.-
887 1149 924 1188 ac
939 1127 1049 1189 deinde
1061 1125 1197 1189 ⁷⁰contru

130 1211 272 1276 ‘Neruios
285 1213 376 1276 unius
388 1213 524 1276 ciuitatis
544 1235 608 1276 cum
623 1234 732 1296 magno
747 1214 923 1276 discrimine
939 1213 1100 1295 pugnauit,
1117 1233 1200 1276 eam·

139 1313 204 1380 qne
215 1307 334 1380 gentem
361 1300 487 1370 deleuit,·
511 1319 580 1382 qua
601 1299 708 1362 bellum
730 1300 835 1382 gessit,
858 1300 952 1360 doreec
975 1320 1012 1360 en
1035 1300 1197 1381 senaginta

131 1381 272 1446 'millibus
286 1394 470 1448 armatorum
484 1383 642 1448 ⁷¹trecenti
650 1394 855 1468 superessent.-
877 1407 914 1446 en
924 1385 1070 1448 sescentis
1078 1393 1199 1448 senato·

137 1467 224 1532 ribus
237 1477 298 1533 tres
311 1479 429 1533 tannem
444 1472 614 1534 euaderent.
658 1471 743 1553 Lege
760 1471 824 1533 luta
839 1471 877 1532 de
896 1471 1062 1553 redigenda
1079 1471 1113 1532 in
1122 1491 1199 1552 pro·

139 1554 251 1618 uincire
258 1556 398 1639 formam
414 1555 525 1640 Cypro,
541 1565 571 1620 et
580 1557 769 1638 publicanda
778 1557 914 1638 pearnia
928 1557 1026 1638 regia,
1042 1555 1123 1618 ⁷²M.
1138 1557 1198 1619 Ca·

140 1641 209 1703 toni
221 1642 451 1706 administratio
464 1639 527 1724 ejus
541 1645 589 1705 rei
601 1644 749 1706 mandata
763 1651 817 1707 est.
864 1643 1050 1718 Ptolemaeus,
1063 1641 1201 1726 AEgppti

137 1746 206 1800 ren,
219 1725 256 1788 ob
271 1725 414 1810 injurias,
430 1749 505 1811 quas
516 1728 694 1810 patiebatur
715 1750 736 1790 a
750 1729 819 1804 suis,
835 1748 928 1810 regno
937 1728 1053 1808 puluis,
1070 1727 1199 1790 Romam

139 1811 233 1874 venit.
279 1814 313 1876 C.
342 1814 443 1878 Casae
473 1813 609 1892 Venetos,
632 1822 752 1898 gentem
781 1834 892 1877 oceano
910 1811 1062 1895 junctam,
1092 1815 1201 1876 nauali

133 1897 251 2048 proptio
259 1899 345 2046 picit.
390 1900 549 1965 Praeterea
560 1922 639 1965 resa
654 1901 765 1984 legatis
775 1898 838 1984 ejus
849 1901 950 1964 eudem
954 1898 1090 1983 fortuna
1098 1907 1200 1984 gestas

138 2001 195 2047 con
210 2003 260 2046 ene
274 2029 282 2046 .

627 2235 713 2319 CV.

188 2409 286 2486 Qum
304 2409 373 2475 ⁷³0.
392 2411 517 2477 Catonis
536 2416 654 2478 mibrmi
672 2413 773 2496 plebis
796 2413 1057 2479 intercessionibus
1077 2409 1201 2475 cmnitiu

141 2497 331 2576 tollerentur,
353 2501 475 2562 senatus
498 2509 606 2564 uestem
630 2501 768 2564 mutauit.
814 2498 868 2562 M.·
889 2500 968 2562 Cato
993 2500 1027 2561 in
1049 2500 1203 2582 petitione

134 2592 297 2666 praeturae,
306 2585 443 2666 pralato
464 2585 597 2660 Vatinio,
620 2588 769 2668 repulsam
792 2586 873 2648 tulit.
896 2586 984 2661 idem,
1001 2585 1203 2668 quumlegem

143 2670 309 2751 inpediret,
324 2691 385 2754 qua
399 2669 592 2753 ⁷⁴prouinciae
613 2671 780 2736 consulibus
794 2671 828 2733 in
850 2672 1104 2754 quinquennium,⁸
1113 2671 1203 2734 Pom·

136 2755 213 2836 peio
235 2755 412 2838 Hispania,
437 2757 547 2822 Crasso
568 2759 661 2843 Syria
685 2766 715 2822 et
738 2757 918 2821 Parthicum
941 2757 1057 2834 bellum,
1086 2757 1206 2820 Casani

145 2837 260 2904 Gallia
281 2850 311 2904 et
327 2839 499 2906 Germania
513 2843 677 2922 dabantur,
692 2865 713 2905 a
730 2843 763 2906 C
783 2841 934 2906 Trebonio
955 2843 1077 2906 tribano
1091 2843 1203 2925 plebis,

102 2995 104 3000 χ
143 2927 223 3009 legis
243 2936 375 3002 auctore,
393 2928 426 2990 in
450 2931 570 2993 uinaria
596 2931 700 2993 duetus
719 2937 773 2992 est.
817 2928 858 2992 A.
875 2926 1031 2993 Gabinius
1046 2929 1206 3010 proconsul
1249 2947 1257 2954 ·

141 3011 340 3076 Ptolemoeum
353 3015 477 3078 redu-rit
491 3017 525 3078 in
538 3037 665 3102 regrum
680 3015 825 3099 AEgypti,
841 3013 932 3098 ejecto
946 3015 1105 3088 Archelao,
1121 3034 1212 3099 quem,

144 3095 216 3198 sibi·
226 3119 325 3182 regem
343 3101 544 3164 adsciomant.
590 3102 706 3177 Cesar,
720 3099 838 3165 ⁷⁵oictis
856 3099 1021 3164 Germanis
1042 3100 1077 3161 in
1093 3095 1205 3198 Gallia

142 3183 1207 3352 itti?iiiiiiiluititltlultlritli

140 3373 219 3437 pere
232 3355 455 3438 tempestatibus
468 3358 615 3439 aduersis,
626 3356 762 3441 trajecit·
786 3355 925 3420 ⁷⁶iterum
941 3353 1205 3438 panemselicius:

179 3561 212 3608 69
231 3561 259 3608 T.
278 3562 357 3624 Annio
372 3563 466 3612 Milone
484 3567 575 3614 tribuno
588 3567 662 3630 pletis
696 3567 724 3614 G.
738 3563 827 3614 Catoni.

145 3625 240 3688 ugente]
273 3627 390 3676 ultimam
412 3643 496 3677 vocem
522 3629 611 3693 adjecit
632 3647 662 3680 ex
727 3631 759 3678 78
776 3629 805 3678 C.
817 3629 914 3680 Catonis
942 3631 1019 3676 Ptobe
1027 3625 1209 3690 Sigouiiemen·

145 3685 285 3750 eonjeetura
306 3691 426 3752 Sigonius.
459 3693 598 3755 Pompeius,
620 3699 663 3758 qui
693 3696 768 3744 datio.
790 3697 877 3748 Antea,
920 3691 1041 3740 .(tatonir‚

145 3760 199 3801 erut
217 3754 334 3814 privatus,
353 3759 451 3805 orabat:
470 3757 532 3806 Milo
551 3762 663 3808 tribunus
727 3758 759 3806 m
774 3753 908 3806 Privtneia
923 3758 1062 3822 ementium]
1085 3755 1155 3808 Idem
1173 3753 1209 3798 Si-

145 3816 234 3876 plebis,
250 3831 320 3885 egere
338 3821 431 3880 debuit,
449 3830 477 3870 ut
495 3837 578 3871 revera
597 3825 664 3884 iecit,
695 3824 782 3885 genius
804 3829 868 3870 recte
890 3836 933 3882 pro
954 3823 1082 3869 cumulares
1105 3818 1211 3878 reposuit

145 3893 197 3926 uon
207 3895 276 3928 orare
287 3889 391 3932 mutum.
695 3887 834 3936 comtibus.

181 3944 213 3992 70
230 3945 318 3994 Contra
329 3947 442 4008 Neruios,
454 3966 525 3998 unam
534 3950 663 4000 larnenei-
730 3952 762 4002 76
788 3953 862 3999 Victis
884 3951 1009 3998 Gennonis
1034 3954 1057 3996 et
1084 3953 1110 3994 tu
1133 3945 1213 3993 Gallia

145 4007 258 4086 1177171111]
282 4011 364 4074 Magis
379 4016 478 4074 arridet,
489 4019 553 4076 quod
567 4015 664 4078 subjicit
695 4016 775 4080 aneu]
796 4015 877 4076 Magis
892 4017 971 4076 placet
982 4015 1054 4062 unius
1065 4015 1117 4060 MS.
1129 4026 1144 4058 a
1155 4011 1214 4056 Gro-

145 4069 297 4121 Gronovius:
315 4093 387 4125 unam
402 4077 494 4140 mmm,
510 4095 597 4142 nempe
609 4083 663 4128 Bel·
696 4084 768 4130 novio
787 4080 889 4138 inspecti
907 4080 1038 4138 scriptura:
1065 4079 1135 4125 vietis
1156 4075 1213 4124 Ger·

145 4149 245 4196 gerum,
255 4141 381 4189 ciuitatem.
697 4149 773 4194 manin
784 4147 811 4190 in
823 4142 904 4190 Gallio
915 4141 1029 4203 canipae.

180 4200 210 4248 71
231 4201 339 4252 Trecenti
348 4210 499 4273 superessent]
523 4210 665 4271 Quingentor
729 4211 760 4257 76
775 4209 867 4256 lterum
883 4221 969 4266 parurn
980 4207 1088 4270 felicius]
1110 4203 1216 4256 Deleri

146 4263 229 4312 coesnr
239 4269 387 4327 superfuisse
398 4271 488 4322 scribit.
692 4289 782 4338 parum
795 4285 825 4318 ex
843 4271 964 4330 superiore
976 4272 1092 4320 versiculo
1108 4271 1214 4320 inculce-

178 4329 210 4377 72
226 4329 267 4376 M·
282 4333 374 4400 Catani]
393 4338 460 4386 Male
476 4340 584 4400 plerique
595 4336 665 4397 editi,
698 4349 758 4390 tum.
776 4339 945 4386 Gronovius.

188 4412 270 4462 VOL.
288 4415 331 4461 Ν.
764 4423 779 4466 S
