<?xml version="1.0" encoding="UTF-8"?>
<!DOCTYPE html PUBLIC "-//W3C//DTD XHTML 1.0 Transitional//EN"
    "http://www.w3.org/TR/xhtml1/DTD/xhtml1-transitional.dtd">
<html xmlns="http://www.w3.org/1999/xhtml" xml:lang="en" lang="en">
 <head>
  <title>
</title>
<meta http-equiv="Content-Type" content="text/html;charset=utf-8" />
  <meta name='ocr-system' content='tesseract 3.04.00' />
  <meta name='ocr-capabilities' content='ocr_page ocr_carea ocr_par ocr_line ocrx_word'/>
</head>
<body>
  <div class='ocr_page' id='page_1' title='image "./tliviipatavinih03crevgoog_0230.png"; bbox 0 0 3120 4984; ppageno 0'>
   <div class='ocr_carea' id='block_1_1' title="bbox 23 1615 27 1872">
    <p class='ocr_par' dir='ltr' id='par_1_1' title="bbox 23 1615 27 1872">
     <span class='ocr_line' id='line_1_1' title="bbox 23 1615 27 1872; baseline 0 0"><span class='ocrx_word' id='word_1_1' title='bbox 23 1615 27 1872; x_wconf 76' lang='lat' dir='ltr'><strong>i</strong></span> 
     </span>
    </p>
   </div>
   <div class='ocr_carea' id='block_1_2' title="bbox 446 171 1200 252">
    <p class='ocr_par' dir='ltr' id='par_1_2' title="bbox 446 171 1200 252">
     <span class='ocr_line' id='line_1_2' title="bbox 446 171 1200 252; baseline 0.016 -16"><span class='ocrx_word' id='word_1_2' title='bbox 446 171 538 236; x_wconf 85' lang='lat' dir='ltr'>LIB.</span> <span class='ocrx_word' id='word_1_3' title='bbox 560 171 661 238; x_wconf 78' lang='lat' dir='ltr'>XLII.</span> <span class='ocrx_word' id='word_1_4' title='bbox 688 175 789 238; x_wconf 83' lang='lat' dir='ltr'><strong>CAP.</strong></span> <span class='ocrx_word' id='word_1_5' title='bbox 817 176 887 239; x_wconf 85' lang='lat' dir='ltr'><strong>LII.</strong></span> <span class='ocrx_word' id='word_1_6' title='bbox 1161 187 1200 252; x_wconf 83' lang='grc'><strong>79</strong></span> 
     </span>
    </p>
   </div>
   <div class='ocr_carea' id='block_1_3' title="bbox 138 336 1348 616">
    <p class='ocr_par' dir='ltr' id='par_1_3' title="bbox 138 336 1348 616">
     <span class='ocr_line' id='line_1_3' title="bbox 138 336 1348 433; baseline 0.001 -25"><span class='ocrx_word' id='word_1_7' title='bbox 138 339 238 408; x_wconf 83' lang='lat' dir='ltr'><strong>under</strong></span> <span class='ocrx_word' id='word_1_8' title='bbox 253 339 291 406; x_wconf 88' lang='lat' dir='ltr'><strong>in</strong></span> <span class='ocrx_word' id='word_1_9' title='bbox 307 336 417 404; x_wconf 80' lang='lat' dir='ltr'><strong>Asiam</strong></span> <span class='ocrx_word' id='word_1_10' title='bbox 431 336 564 424; x_wconf 87' lang='lat' dir='ltr'><strong>trajecit,</strong></span> <span class='ocrx_word' id='word_1_11' title='bbox 580 360 754 428; x_wconf 79' lang='lat' dir='ltr'><strong>numquam</strong></span> <span class='ocrx_word' id='word_1_12' title='bbox 777 340 871 408; x_wconf 89' lang='lat' dir='ltr'><strong>ullius</strong></span> <span class='ocrx_word' id='word_1_13' title='bbox 886 339 1101 408; x_wconf 74' lang='lat' dir='ltr'><strong>Macedonum</strong></span> <span class='ocrx_word' id='word_1_14' title='bbox 1116 341 1200 433; x_wconf 85' lang='lat' dir='ltr'><strong>regis</strong></span> <span class='ocrx_word' id='word_1_15' title='bbox 1210 349 1240 400; x_wconf 78' lang='lat' dir='ltr'><strong>U·</strong></span> <span class='ocrx_word' id='word_1_16' title='bbox 1250 346 1277 398; x_wconf 62' lang='grc' dir='ltr'>α</span> <span class='ocrx_word' id='word_1_17' title='bbox 1289 345 1348 397; x_wconf 77' lang='lat'><strong>⁵⁸¹·</strong></span> 
     </span>
     <span class='ocr_line' id='line_1_4' title="bbox 138 413 1347 494; baseline -0.009 0"><span class='ocrx_word' id='word_1_18' title='bbox 138 450 177 493; x_wconf 87' lang='lat' dir='ltr'><strong>eo</strong></span> <span class='ocrx_word' id='word_1_19' title='bbox 198 427 244 494; x_wconf 88' lang='lat' dir='ltr'><strong>iss</strong></span> <span class='ocrx_word' id='word_1_20' title='bbox 258 425 482 492; x_wconf 86' lang='lat' dir='ltr'><strong>tantasfuisse.</strong></span> <span class='ocrx_word' id='word_1_21' title='bbox 673 469 676 476; x_wconf 80' lang='lat'><em>·</em></span> <span class='ocrx_word' id='word_1_22' title='bbox 1209 413 1347 464; x_wconf 57' lang='grc' dir='ltr'><strong>ΝΜ</strong></span> 
     </span>
     <span class='ocr_line' id='line_1_5' title="bbox 214 511 1202 616; baseline 0.003 -37"><span class='ocrx_word' id='word_1_23' title='bbox 214 513 260 579; x_wconf 90' lang='grc' dir='ltr'><strong>ΙΙ.</strong></span> <span class='ocrx_word' id='word_1_24' title='bbox 286 513 405 580; x_wconf 83' lang='lat' dir='ltr'><strong>Sextus</strong></span> <span class='ocrx_word' id='word_1_25' title='bbox 419 525 451 578; x_wconf 90' lang='lat' dir='ltr'><strong>et</strong></span> <span class='ocrx_word' id='word_1_26' title='bbox 464 511 629 578; x_wconf 86' lang='lat' dir='ltr'><strong>vicesimus</strong></span> <span class='ocrx_word' id='word_1_27' title='bbox 650 535 752 578; x_wconf 85' lang='lat' dir='ltr'><strong>annus</strong></span> <span class='ocrx_word' id='word_1_28' title='bbox 766 513 931 602; x_wconf 79' lang='lat' dir='ltr'><strong>agebatur,</strong></span> <span class='ocrx_word' id='word_1_29' title='bbox 946 536 987 580; x_wconf 88' lang='lat' dir='ltr'><strong>ex</strong></span> <span class='ocrx_word' id='word_1_30' title='bbox 1003 537 1068 616; x_wconf 86' lang='lat' dir='ltr'><strong>quo</strong></span> <span class='ocrx_word' id='word_1_31' title='bbox 1081 517 1202 602; x_wconf 87' lang='lat' dir='ltr'><strong>petenti</strong></span> 
     </span>
    </p>
   </div>
   <div class='ocr_carea' id='block_1_4' title="bbox 137 597 1361 2586">
    <p class='ocr_par' dir='ltr' id='par_1_4' title="bbox 137 597 1260 1626">
     <span class='ocr_line' id='line_1_6' title="bbox 141 597 1202 686; baseline 0.004 -22"><span class='ocrx_word' id='word_1_32' title='bbox 141 599 293 686; x_wconf 89' lang='lat' dir='ltr'><strong>Philippo</strong></span> <span class='ocrx_word' id='word_1_33' title='bbox 307 597 381 664; x_wconf 85' lang='lat' dir='ltr'><strong>datu</strong></span> <span class='ocrx_word' id='word_1_34' title='bbox 393 619 460 684; x_wconf 85' lang='lat' dir='ltr'><strong>pax</strong></span> <span class='ocrx_word' id='word_1_35' title='bbox 474 610 560 665; x_wconf 82' lang='lat' dir='ltr'><strong>erat:</strong></span> <span class='ocrx_word' id='word_1_36' title='bbox 583 621 642 685; x_wconf 93' lang='lat' dir='ltr'><strong>per</strong></span> <span class='ocrx_word' id='word_1_37' title='bbox 663 598 698 664; x_wconf 92' lang='lat' dir='ltr'><strong>id</strong></span> <span class='ocrx_word' id='word_1_38' title='bbox 719 622 814 665; x_wconf 89' lang='lat' dir='ltr'><strong>omne</strong></span> <span class='ocrx_word' id='word_1_39' title='bbox 828 613 953 686; x_wconf 88' lang='lat' dir='ltr'><strong>tempus</strong></span> <span class='ocrx_word' id='word_1_40' title='bbox 969 613 1075 686; x_wconf 77' lang='lat' dir='ltr'><strong>quieta</strong></span> <span class='ocrx_word' id='word_1_41' title='bbox 1091 601 1202 668; x_wconf 85' lang='lat' dir='ltr'><strong>Maee-</strong></span> 
     </span>
     <span class='ocr_line' id='line_1_7' title="bbox 138 684 1203 773; baseline 0.005 -23"><span class='ocrx_word' id='word_1_42' title='bbox 138 686 234 751; x_wconf 88' lang='lat' dir='ltr'><strong>donia</strong></span> <span class='ocrx_word' id='word_1_43' title='bbox 247 699 280 751; x_wconf 88' lang='lat' dir='ltr'><strong>et</strong></span> <span class='ocrx_word' id='word_1_44' title='bbox 294 687 479 773; x_wconf 81' lang='lat' dir='ltr'><strong>progeniem</strong></span> <span class='ocrx_word' id='word_1_45' title='bbox 498 684 652 763; x_wconf 86' lang='lat' dir='ltr'>ediderat,</span> <span class='ocrx_word' id='word_1_46' title='bbox 669 687 757 773; x_wconf 89' lang='lat' dir='ltr'><strong>cujus</strong></span> <span class='ocrx_word' id='word_1_47' title='bbox 780 709 830 750; x_wconf 89' lang='lat' dir='ltr'><strong>ma</strong></span> <span class='ocrx_word' id='word_1_48' title='bbox 876 709 896 750; x_wconf 87' lang='lat' dir='ltr'><strong>a</strong></span> <span class='ocrx_word' id='word_1_49' title='bbox 917 708 990 770; x_wconf 85' lang='lat' dir='ltr'><strong>pars</strong></span> <span class='ocrx_word' id='word_1_50' title='bbox 1005 702 1130 754; x_wconf 83' lang='lat' dir='ltr'><strong>matura</strong></span> <span class='ocrx_word' id='word_1_51' title='bbox 1143 691 1203 755; x_wconf 90' lang='lat' dir='ltr'><strong>mi-</strong></span> 
     </span>
     <span class='ocr_line' id='line_1_8' title="bbox 137 771 1203 863; baseline 0.003 -25"><span class='ocrx_word' id='word_1_52' title='bbox 137 772 214 838; x_wconf 88' lang='lat' dir='ltr'><strong>litiae</strong></span> <span class='ocrx_word' id='word_1_53' title='bbox 229 785 320 850; x_wconf 89' lang='lat' dir='ltr'><strong>esset,</strong></span> <span class='ocrx_word' id='word_1_54' title='bbox 336 785 369 836; x_wconf 91' lang='lat' dir='ltr'><strong>et</strong></span> <span class='ocrx_word' id='word_1_55' title='bbox 382 771 504 838; x_wconf 85' lang='lat' dir='ltr'><strong>levibus</strong></span> <span class='ocrx_word' id='word_1_56' title='bbox 517 771 609 836; x_wconf 85' lang='lat' dir='ltr'><strong>bellis</strong></span> <span class='ocrx_word' id='word_1_57' title='bbox 623 771 790 838; x_wconf 85' lang='lat' dir='ltr'><strong>Thracum</strong></span> <span class='ocrx_word' id='word_1_58' title='bbox 854 772 1008 850; x_wconf 81' lang='lat' dir='ltr'><strong>colurum,</strong></span> <span class='ocrx_word' id='word_1_59' title='bbox 1023 797 1097 863; x_wconf 76' lang='lat' dir='ltr'><strong>quar</strong></span> <span class='ocrx_word' id='word_1_60' title='bbox 1110 797 1203 841; x_wconf 88' lang='lat' dir='ltr'><strong>exer-</strong></span> 
     </span>
     <span class='ocr_line' id='line_1_9' title="bbox 138 857 1205 946; baseline 0 -20"><span class='ocrx_word' id='word_1_61' title='bbox 138 870 246 926; x_wconf 89' lang='lat' dir='ltr'><strong>cerent</strong></span> <span class='ocrx_word' id='word_1_62' title='bbox 270 857 382 945; x_wconf 81' lang='lat' dir='ltr'><strong>magis,</strong></span> <span class='ocrx_word' id='word_1_63' title='bbox 407 879 502 946; x_wconf 87' lang='lat' dir='ltr'><strong>quam</strong></span> <span class='ocrx_word' id='word_1_64' title='bbox 525 857 703 946; x_wconf 78' lang='lat' dir='ltr'>fatigarent,</span> <span class='ocrx_word' id='word_1_65' title='bbox 726 858 786 924; x_wconf 90' lang='lat' dir='ltr'><strong>sub</strong></span> <span class='ocrx_word' id='word_1_66' title='bbox 811 859 938 924; x_wconf 84' lang='lat' dir='ltr'><strong>assidua</strong></span> <span class='ocrx_word' id='word_1_67' title='bbox 959 874 1064 926; x_wconf 87' lang='lat' dir='ltr'><strong>tamen</strong></span> <span class='ocrx_word' id='word_1_68' title='bbox 1092 862 1205 927; x_wconf 89' lang='lat' dir='ltr'><strong>militia</strong></span> 
     </span>
     <span class='ocr_line' id='line_1_10' title="bbox 137 943 1260 1030; baseline 0.004 -22"><span class='ocrx_word' id='word_1_69' title='bbox 137 945 257 1010; x_wconf 86' lang='lat' dir='ltr'><strong>fuerat:</strong></span> <span class='ocrx_word' id='word_1_70' title='bbox 281 956 314 1009; x_wconf 87' lang='lat' dir='ltr'><strong>et</strong></span> <span class='ocrx_word' id='word_1_71' title='bbox 334 944 391 1009; x_wconf 92' lang='lat' dir='ltr'><strong>diu</strong></span> <span class='ocrx_word' id='word_1_72' title='bbox 414 943 600 1010; x_wconf 88' lang='lat' dir='ltr'><strong>meditatum</strong></span> <span class='ocrx_word' id='word_1_73' title='bbox 619 944 768 1030; x_wconf 89' lang='lat' dir='ltr'><strong>Philippo</strong></span> <span class='ocrx_word' id='word_1_74' title='bbox 789 946 905 1030; x_wconf 88' lang='lat' dir='ltr'><strong>primo,</strong></span> <span class='ocrx_word' id='word_1_75' title='bbox 918 945 1034 1011; x_wconf 87' lang='lat' dir='ltr'><strong>deinde</strong></span> <span class='ocrx_word' id='word_1_76' title='bbox 1053 960 1085 1013; x_wconf 88' lang='lat' dir='ltr'><strong>et</strong></span> <span class='ocrx_word' id='word_1_77' title='bbox 1101 947 1203 1028; x_wconf 88' lang='lat' dir='ltr'><strong>Persi,</strong></span> <span class='ocrx_word' id='word_1_78' title='bbox 1257 1011 1260 1024; x_wconf 21' lang='lat' dir='ltr'><strong>q</strong></span> 
     </span>
     <span class='ocr_line' id='line_1_11' title="bbox 141 1029 1203 1118; baseline 0.002 -21"><span class='ocrx_word' id='word_1_79' title='bbox 141 1033 325 1102; x_wconf 86' lang='lat' dir='ltr'><strong>Romanum</strong></span> <span class='ocrx_word' id='word_1_80' title='bbox 351 1029 481 1108; x_wconf 89' lang='lat' dir='ltr'><strong>bellum,</strong></span> <span class='ocrx_word' id='word_1_81' title='bbox 505 1032 614 1096; x_wconf 87' lang='lat' dir='ltr'><strong>omnia</strong></span> <span class='ocrx_word' id='word_1_82' title='bbox 641 1045 677 1098; x_wconf 89' lang='lat' dir='ltr'><strong>ut</strong></span> <span class='ocrx_word' id='word_1_83' title='bbox 706 1033 859 1100; x_wconf 83' lang='lat' dir='ltr'><strong>instructa</strong></span> <span class='ocrx_word' id='word_1_84' title='bbox 887 1049 1061 1118; x_wconf 84' lang='lat' dir='ltr'><strong>parataque</strong></span> <span class='ocrx_word' id='word_1_85' title='bbox 1089 1047 1203 1114; x_wconf 87' lang='lat' dir='ltr'><strong>esseut,</strong></span> 
     </span>
     <span class='ocr_line' id='line_1_12' title="bbox 139 1115 1205 1204; baseline 0.003 -20"><span class='ocrx_word' id='word_1_86' title='bbox 139 1119 294 1184; x_wconf 73' lang='lat' dir='ltr'><strong>effecerat.</strong></span> <span class='ocrx_word' id='word_1_87' title='bbox 340 1115 435 1182; x_wconf 89' lang='lat' dir='ltr'><strong>Mota</strong></span> <span class='ocrx_word' id='word_1_88' title='bbox 459 1139 632 1204; x_wconf 79' lang='lat' dir='ltr'><strong>parumper</strong></span> <span class='ocrx_word' id='word_1_89' title='bbox 653 1119 745 1192; x_wconf 87' lang='lat' dir='ltr'><strong>acies,</strong></span> <span class='ocrx_word' id='word_1_90' title='bbox 765 1117 877 1204; x_wconf 78' lang='lat' dir='ltr'><strong>(⁷⁸n0u</strong></span> <span class='ocrx_word' id='word_1_91' title='bbox 891 1119 979 1204; x_wconf 88' lang='lat' dir='ltr'><strong>justo</strong></span> <span class='ocrx_word' id='word_1_92' title='bbox 1000 1119 1134 1187; x_wconf 87' lang='lat' dir='ltr'><strong>decursu</strong></span> <span class='ocrx_word' id='word_1_93' title='bbox 1157 1135 1205 1186; x_wconf 89' lang='lat' dir='ltr'><strong>ta·</strong></span> 
     </span>
     <span class='ocr_line' id='line_1_13' title="bbox 141 1204 1203 1286; baseline 0 -14"><span class='ocrx_word' id='word_1_94' title='bbox 141 1205 228 1286; x_wconf 89' lang='lat' dir='ltr'><strong>men)</strong></span> <span class='ocrx_word' id='word_1_95' title='bbox 251 1227 294 1270; x_wconf 87' lang='lat' dir='ltr'><strong>ne</strong></span> <span class='ocrx_word' id='word_1_96' title='bbox 313 1204 434 1269; x_wconf 80' lang='lat' dir='ltr'><strong>stetisse</strong></span> <span class='ocrx_word' id='word_1_97' title='bbox 455 1215 578 1270; x_wconf 89' lang='lat' dir='ltr'><strong>tautum</strong></span> <span class='ocrx_word' id='word_1_98' title='bbox 600 1205 750 1271; x_wconf 90' lang='lat' dir='ltr'><strong>inarmis</strong></span> <span class='ocrx_word' id='word_1_99' title='bbox 770 1204 969 1270; x_wconf 87' lang='lat' dir='ltr'><strong>viderentur:</strong></span> <span class='ocrx_word' id='word_1_100' title='bbox 992 1220 1130 1270; x_wconf 86' lang='lat' dir='ltr'><strong>armatos</strong></span> <span class='ocrx_word' id='word_1_101' title='bbox 1153 1231 1203 1285; x_wconf 89' lang='lat' dir='ltr'><strong>ue,</strong></span> 
     </span>
     <span class='ocr_line' id='line_1_14' title="bbox 140 1229 1204 1376; baseline 0.001 -19"><span class='ocrx_word' id='word_1_102' title='bbox 140 1293 221 1358; x_wconf 88' lang='lat' dir='ltr'><strong>sieut</strong></span> <span class='ocrx_word' id='word_1_103' title='bbox 241 1302 343 1368; x_wconf 79' lang='lat' dir='ltr'><strong>eraut,</strong></span> <span class='ocrx_word' id='word_1_104' title='bbox 359 1290 400 1355; x_wconf 88' lang='lat' dir='ltr'><strong>ad</strong></span> <span class='ocrx_word' id='word_1_105' title='bbox 420 1290 605 1355; x_wconf 85' lang='lat' dir='ltr'><strong>concionem</strong></span> <span class='ocrx_word' id='word_1_106' title='bbox 626 1292 756 1358; x_wconf 81' lang='lat' dir='ltr'><strong>vocarit</strong></span> <span class='ocrx_word' id='word_1_107' title='bbox 802 1291 875 1376; x_wconf 86' lang='lat' dir='ltr'><strong>Ipse</strong></span> <span class='ocrx_word' id='word_1_108' title='bbox 895 1293 1035 1358; x_wconf 88' lang='lat' dir='ltr'><strong>constitit</strong></span> <span class='ocrx_word' id='word_1_109' title='bbox 1054 1292 1088 1373; x_wconf 87' lang='lat' dir='ltr'><strong>in</strong></span> <span class='ocrx_word' id='word_1_110' title='bbox 1103 1229 1204 1358; x_wconf 72' lang='lat' dir='ltr'><strong>tribu·</strong></span> 
     </span>
     <span class='ocr_line' id='line_1_15' title="bbox 142 1375 1205 1466; baseline 0.002 -24"><span class='ocrx_word' id='word_1_111' title='bbox 142 1378 215 1456; x_wconf 88' lang='lat' dir='ltr'><strong>usli,</strong></span> <span class='ocrx_word' id='word_1_112' title='bbox 232 1376 318 1442; x_wconf 86' lang='lat' dir='ltr'><strong>circa</strong></span> <span class='ocrx_word' id='word_1_113' title='bbox 331 1399 365 1442; x_wconf 85' lang='lat' dir='ltr'><strong>se</strong></span> <span class='ocrx_word' id='word_1_114' title='bbox 384 1375 503 1440; x_wconf 84' lang='lat' dir='ltr'><strong>habens</strong></span> <span class='ocrx_word' id='word_1_115' title='bbox 524 1375 608 1442; x_wconf 80' lang='lat' dir='ltr'><strong>filios</strong></span> <span class='ocrx_word' id='word_1_116' title='bbox 629 1377 727 1443; x_wconf 89' lang='lat' dir='ltr'><strong>duos:</strong></span> <span class='ocrx_word' id='word_1_117' title='bbox 750 1399 888 1464; x_wconf 90' lang='lat' dir='ltr'><strong>quorum</strong></span> <span class='ocrx_word' id='word_1_118' title='bbox 909 1379 1009 1464; x_wconf 87' lang='lat' dir='ltr'><strong>major</strong></span> <span class='ocrx_word' id='word_1_119' title='bbox 1026 1377 1205 1466; x_wconf 83' lang='lat' dir='ltr'><strong>Philippus,</strong></span> 
     </span>
     <span class='ocr_line' id='line_1_16' title="bbox 140 1461 1204 1551; baseline 0.003 -23"><span class='ocrx_word' id='word_1_120' title='bbox 140 1480 257 1530; x_wconf 88' lang='lat' dir='ltr'><strong>natura</strong></span> <span class='ocrx_word' id='word_1_121' title='bbox 277 1461 385 1541; x_wconf 83' lang='lat' dir='ltr'><strong>irater,</strong></span> <span class='ocrx_word' id='word_1_122' title='bbox 410 1461 583 1547; x_wconf 78' lang='lat' dir='ltr'><strong>adoptione</strong></span> <span class='ocrx_word' id='word_1_123' title='bbox 605 1462 707 1540; x_wconf 71' lang='lat' dir='ltr'><strong>filium</strong></span> <span class='ocrx_word' id='word_1_124' title='bbox 729 1465 846 1540; x_wconf 90' lang='lat' dir='ltr'><strong>minor,</strong></span> <span class='ocrx_word' id='word_1_125' title='bbox 869 1485 965 1551; x_wconf 86' lang='lat' dir='ltr'><strong>quem</strong></span> <span class='ocrx_word' id='word_1_126' title='bbox 987 1465 1204 1530; x_wconf 76' lang='lat' dir='ltr'><strong>Alexandrum</strong></span> 
     </span>
     <span class='ocr_line' id='line_1_17' title="bbox 140 1545 1204 1626; baseline 0.004 -12"><span class='ocrx_word' id='word_1_127' title='bbox 140 1545 308 1626; x_wconf 84' lang='lat' dir='ltr'><strong>vocabant,</strong></span> <span class='ocrx_word' id='word_1_128' title='bbox 323 1548 477 1616; x_wconf 88' lang='lat' dir='ltr'><strong>naturalis</strong></span> <span class='ocrx_word' id='word_1_129' title='bbox 492 1561 570 1614; x_wconf 87' lang='lat' dir='ltr'><strong>erat.</strong></span> <span class='ocrx_word' id='word_1_130' title='bbox 612 1549 808 1618; x_wconf 79' lang='lat' dir='ltr'><strong>cohortatus</strong></span> <span class='ocrx_word' id='word_1_131' title='bbox 821 1562 868 1614; x_wconf 91' lang='lat' dir='ltr'><strong>est</strong></span> <span class='ocrx_word' id='word_1_132' title='bbox 883 1550 997 1616; x_wconf 85' lang='lat' dir='ltr'><strong>milites</strong></span> <span class='ocrx_word' id='word_1_133' title='bbox 1012 1551 1053 1616; x_wconf 88' lang='lat' dir='ltr'><strong>ad</strong></span> <span class='ocrx_word' id='word_1_134' title='bbox 1069 1551 1204 1618; x_wconf 80' lang='lat' dir='ltr'><strong>bellums</strong></span> 
     </span>
    </p>

    <p class='ocr_par' dir='ltr' id='par_1_5' title="bbox 138 1625 1361 2327">
     <span class='ocr_line' id='line_1_18' title="bbox 141 1625 1203 1724; baseline 0.004 -24"><span class='ocrx_word' id='word_1_135' title='bbox 141 1637 167 1680; x_wconf 77' lang='lat'><strong>⁷⁴</strong></span> <span class='ocrx_word' id='word_1_136' title='bbox 177 1625 327 1724; x_wconf 88' lang='lat' dir='ltr'><strong>injuriam</strong></span> <span class='ocrx_word' id='word_1_137' title='bbox 341 1634 453 1721; x_wconf 90' lang='lat' dir='ltr'><strong>populi</strong></span> <span class='ocrx_word' id='word_1_138' title='bbox 469 1635 608 1706; x_wconf 89' lang='lat' dir='ltr'><strong>Romani</strong></span> <span class='ocrx_word' id='word_1_139' title='bbox 622 1635 655 1700; x_wconf 92' lang='lat' dir='ltr'><strong>in</strong></span> <span class='ocrx_word' id='word_1_140' title='bbox 677 1648 803 1721; x_wconf 86' lang='lat' dir='ltr'><strong>patrem</strong></span> <span class='ocrx_word' id='word_1_141' title='bbox 817 1657 914 1722; x_wconf 89' lang='lat' dir='ltr'><strong>seque</strong></span> <span class='ocrx_word' id='word_1_142' title='bbox 928 1639 1203 1704; x_wconf 81' lang='lat' dir='ltr'><strong>commemoravit:</strong></span> 
     </span>
     <span class='ocr_line' id='line_1_19' title="bbox 138 1722 1361 1806; baseline -0.004 -18"><span class='ocrx_word' id='word_1_143' title='bbox 138 1725 245 1803; x_wconf 80' lang='lat' dir='ltr'><strong>Itium,</strong></span> <span class='ocrx_word' id='word_1_144' title='bbox 275 1722 411 1792; x_wconf 75' lang='lat' dir='ltr'><strong>erunibus</strong></span> <span class='ocrx_word' id='word_1_145' title='bbox 439 1723 679 1806; x_wconf 62' lang='lat' dir='ltr'><strong>indignitatibus</strong></span> <span class='ocrx_word' id='word_1_146' title='bbox 705 1724 885 1805; x_wconf 72' lang='lat' dir='ltr'><strong>computem</strong></span> <span class='ocrx_word' id='word_1_147' title='bbox 913 1725 958 1788; x_wconf 85' lang='lat' dir='ltr'><strong>ad</strong></span> <span class='ocrx_word' id='word_1_148' title='bbox 988 1724 1205 1806; x_wconf 85' lang='lat' dir='ltr'><strong>rebellandum,</strong></span> <span class='ocrx_word' id='word_1_149' title='bbox 1213 1739 1296 1787; x_wconf 75' lang='lat' dir='ltr'><strong>ontio</strong></span> <span class='ocrx_word' id='word_1_150' title='bbox 1305 1737 1361 1785; x_wconf 75' lang='lat' dir='ltr'><strong>rer-</strong></span> 
     </span>
     <span class='ocr_line' id='line_1_20' title="bbox 144 1803 1347 1915; baseline 0.002 -41"><span class='ocrx_word' id='word_1_151' title='bbox 144 1813 225 1876; x_wconf 87' lang='lat' dir='ltr'><strong>inter</strong></span> <span class='ocrx_word' id='word_1_152' title='bbox 246 1810 434 1892; x_wconf 82' lang='lat' dir='ltr'><strong>adparatum</strong></span> <span class='ocrx_word' id='word_1_153' title='bbox 455 1807 528 1872; x_wconf 81' lang='lat' dir='ltr'><strong>beili</strong></span> <span class='ocrx_word' id='word_1_154' title='bbox 536 1809 617 1893; x_wconf 85' lang='lat' dir='ltr'><strong>sato</strong></span> <span class='ocrx_word' id='word_1_155' title='bbox 637 1808 828 1892; x_wconf 79' lang='lat' dir='ltr'><strong>obpressum:</strong></span> <span class='ocrx_word' id='word_1_156' title='bbox 850 1810 895 1872; x_wconf 87' lang='lat' dir='ltr'><strong>ad</strong></span> <span class='ocrx_word' id='word_1_157' title='bbox 915 1830 948 1873; x_wconf 89' lang='lat' dir='ltr'><strong>se</strong></span> <span class='ocrx_word' id='word_1_158' title='bbox 968 1811 1059 1875; x_wconf 85' lang='lat' dir='ltr'><strong>simut</strong></span> <span class='ocrx_word' id='word_1_159' title='bbox 1079 1803 1347 1915; x_wconf 54' lang='lat' dir='ltr'><strong>tegatqufftstdfflf·</strong></span> 
     </span>
     <span class='ocr_line' id='line_1_21' title="bbox 140 1883 1277 1978; baseline 0.004 -18"><span class='ocrx_word' id='word_1_160' title='bbox 140 1898 234 1970; x_wconf 80' lang='lat' dir='ltr'><strong>simut</strong></span> <span class='ocrx_word' id='word_1_161' title='bbox 252 1897 367 1966; x_wconf 81' lang='lat' dir='ltr'><strong>milites</strong></span> <span class='ocrx_word' id='word_1_162' title='bbox 390 1895 435 1958; x_wconf 91' lang='lat' dir='ltr'><strong>ad</strong></span> <span class='ocrx_word' id='word_1_163' title='bbox 455 1896 646 1978; x_wconf 84' lang='lat' dir='ltr'><strong>occupandas</strong></span> <span class='ocrx_word' id='word_1_164' title='bbox 670 1895 802 1960; x_wconf 83' lang='lat' dir='ltr'><strong>Greeeioe</strong></span> <span class='ocrx_word' id='word_1_165' title='bbox 820 1895 909 1959; x_wconf 87' lang='lat' dir='ltr'><strong>urbes</strong></span> <span class='ocrx_word' id='word_1_166' title='bbox 926 1896 1039 1976; x_wconf 88' lang='lat' dir='ltr'><strong>missos.</strong></span> <span class='ocrx_word' id='word_1_167' title='bbox 1082 1899 1208 1964; x_wconf 77' lang='lat' dir='ltr'><strong>Faltoni</strong></span> <span class='ocrx_word' id='word_1_168' title='bbox 1224 1883 1277 1916; x_wconf 68' lang='lat'><strong>¹⁸⁸⁴</strong></span> 
     </span>
     <span class='ocr_line' id='line_1_22' title="bbox 142 1981 1208 2066; baseline 0.001 -18"><span class='ocrx_word' id='word_1_169' title='bbox 142 1984 252 2054; x_wconf 64' lang='lat' dir='ltr'><strong>danda</strong></span> <span class='ocrx_word' id='word_1_170' title='bbox 273 1982 433 2065; x_wconf 84' lang='lat' dir='ltr'><strong>conloquio</strong></span> <span class='ocrx_word' id='word_1_171' title='bbox 448 2000 510 2062; x_wconf 83' lang='lat' dir='ltr'><strong>per</strong></span> <span class='ocrx_word' id='word_1_172' title='bbox 527 1982 656 2064; x_wconf 85' lang='lat' dir='ltr'><strong>speeiem</strong></span> <span class='ocrx_word' id='word_1_173' title='bbox 675 1981 911 2045; x_wconf 71' lang='lat' dir='ltr'><strong>reconciliandae</strong></span> <span class='ocrx_word' id='word_1_174' title='bbox 928 1985 1017 2066; x_wconf 86' lang='lat' dir='ltr'><strong>pacis</strong></span> <span class='ocrx_word' id='word_1_175' title='bbox 1039 1993 1208 2050; x_wconf 74' lang='lat' dir='ltr'><strong>retractam</strong></span> 
     </span>
     <span class='ocr_line' id='line_1_23' title="bbox 142 2067 1211 2150; baseline 0.002 -16"><span class='ocrx_word' id='word_1_176' title='bbox 142 2071 276 2144; x_wconf 69' lang='lat' dir='ltr'><strong>biennem,</strong></span> <span class='ocrx_word' id='word_1_177' title='bbox 289 2077 323 2132; x_wconf 90' lang='lat' dir='ltr'><strong>ut</strong></span> <span class='ocrx_word' id='word_1_178' title='bbox 338 2077 452 2148; x_wconf 87' lang='lat' dir='ltr'><strong>tempus</strong></span> <span class='ocrx_word' id='word_1_179' title='bbox 464 2068 510 2130; x_wconf 87' lang='lat' dir='ltr'><strong>ad</strong></span> <span class='ocrx_word' id='word_1_180' title='bbox 521 2069 757 2150; x_wconf 86' lang='lat' dir='ltr'><strong>comparandum</strong></span> <span class='ocrx_word' id='word_1_181' title='bbox 770 2067 935 2132; x_wconf 56' lang='lat' dir='ltr'><strong>tabuerat.»</strong></span> <span class='ocrx_word' id='word_1_182' title='bbox 959 2069 1116 2136; x_wconf 72' lang='lat' dir='ltr'><strong>aeneam</strong></span> <span class='ocrx_word' id='word_1_183' title='bbox 1130 2093 1211 2136; x_wconf 87' lang='lat' dir='ltr'><strong>nune</strong></span> 
     </span>
     <span class='ocr_line' id='line_1_24' title="bbox 139 2152 1213 2240; baseline 0.005 -22"><span class='ocrx_word' id='word_1_184' title='bbox 139 2157 249 2222; x_wconf 80' lang='lat' dir='ltr'><strong>,uenire</strong></span> <span class='ocrx_word' id='word_1_185' title='bbox 259 2175 325 2218; x_wconf 89' lang='lat' dir='ltr'><strong>cum</strong></span> <span class='ocrx_word' id='word_1_186' title='bbox 339 2152 455 2216; x_wconf 73' lang='lat' dir='ltr'><strong>duabm</strong></span> <span class='ocrx_word' id='word_1_187' title='bbox 464 2153 633 2237; x_wconf 77' lang='lat' dir='ltr'><strong>legionibus</strong></span> <span class='ocrx_word' id='word_1_188' title='bbox 644 2155 802 2232; x_wconf 86' lang='lat' dir='ltr'><strong>Romanis,</strong></span> <span class='ocrx_word' id='word_1_189' title='bbox 812 2153 909 2238; x_wconf 80' lang='lat' dir='ltr'><strong>quae⁷⁵</strong></span> <span class='ocrx_word' id='word_1_190' title='bbox 916 2152 951 2189; x_wconf 75' lang='lat'><strong>*⁸</strong></span> <span class='ocrx_word' id='word_1_191' title='bbox 955 2163 1090 2221; x_wconf 85' lang='lat' dir='ltr'><strong>trecenos</strong></span> <span class='ocrx_word' id='word_1_192' title='bbox 1097 2159 1213 2240; x_wconf 85' lang='lat' dir='ltr'><strong>equites</strong></span> 
     </span>
     <span class='ocr_line' id='line_1_25' title="bbox 141 2239 1209 2327; baseline 0.004 -23"><span class='ocrx_word' id='word_1_193' title='bbox 141 2243 286 2317; x_wconf 71' lang='lat' dir='ltr'><strong>babeant,</strong></span> <span class='ocrx_word' id='word_1_194' title='bbox 302 2249 332 2304; x_wconf 89' lang='lat' dir='ltr'><strong>et</strong></span> <span class='ocrx_word' id='word_1_195' title='bbox 341 2239 421 2322; x_wconf 85' lang='lat' dir='ltr'><strong>pari</strong></span> <span class='ocrx_word' id='word_1_196' title='bbox 428 2239 534 2323; x_wconf 87' lang='lat' dir='ltr'><strong>ferme</strong></span> <span class='ocrx_word' id='word_1_197' title='bbox 548 2261 671 2304; x_wconf 86' lang='lat' dir='ltr'><strong>numero</strong></span> <span class='ocrx_word' id='word_1_198' title='bbox 684 2241 831 2306; x_wconf 86' lang='lat' dir='ltr'><strong>sociorum</strong></span> <span class='ocrx_word' id='word_1_199' title='bbox 846 2241 986 2322; x_wconf 83' lang='lat' dir='ltr'><strong>peditum</strong></span> <span class='ocrx_word' id='word_1_200' title='bbox 1009 2244 1209 2327; x_wconf 82' lang='lat' dir='ltr'><strong>equitumque.</strong></span> 
     </span>
    </p>

    <p class='ocr_par' dir='ltr' id='par_1_6' title="bbox 142 2325 1211 2586">
     <span class='ocr_line' id='line_1_26' title="bbox 142 2325 1211 2410; baseline 0.001 -17"><span class='ocrx_word' id='word_1_201' title='bbox 142 2331 193 2394; x_wconf 86' lang='lat' dir='ltr'><strong>Eo</strong></span> <span class='ocrx_word' id='word_1_202' title='bbox 207 2338 243 2392; x_wconf 89' lang='lat' dir='ltr'><strong>ut</strong></span> <span class='ocrx_word' id='word_1_203' title='bbox 257 2329 405 2391; x_wconf 85' lang='lat' dir='ltr'><strong>accedant</strong></span> <span class='ocrx_word' id='word_1_204' title='bbox 414 2346 517 2410; x_wconf 82' lang='lat' dir='ltr'><strong>regum</strong></span> <span class='ocrx_word' id='word_1_205' title='bbox 529 2327 651 2389; x_wconf 76' lang='lat' dir='ltr'><strong>auritio</strong></span> <span class='ocrx_word' id='word_1_206' title='bbox 661 2327 809 2399; x_wconf 85' lang='lat' dir='ltr'><strong>Eumenis</strong></span> <span class='ocrx_word' id='word_1_207' title='bbox 819 2335 849 2389; x_wconf 88' lang='lat' dir='ltr'><strong>et</strong></span> <span class='ocrx_word' id='word_1_208' title='bbox 860 2325 1050 2404; x_wconf 74' lang='lat' dir='ltr'><strong>Masinissa,</strong></span> <span class='ocrx_word' id='word_1_209' title='bbox 1066 2349 1128 2391; x_wconf 87' lang='lat' dir='ltr'><strong>non</strong></span> <span class='ocrx_word' id='word_1_210' title='bbox 1136 2331 1211 2410; x_wconf 69' lang='lat' dir='ltr'><strong>ptris</strong></span> 
     </span>
     <span class='ocr_line' id='line_1_27' title="bbox 142 2411 1210 2500; baseline 0 -20"><span class='ocrx_word' id='word_1_211' title='bbox 142 2425 253 2500; x_wconf 87' lang='lat' dir='ltr'><strong>septem</strong></span> <span class='ocrx_word' id='word_1_212' title='bbox 268 2414 370 2478; x_wconf 80' lang='lat' dir='ltr'><strong>millia</strong></span> <span class='ocrx_word' id='word_1_213' title='bbox 378 2413 530 2495; x_wconf 85' lang='lat' dir='ltr'><strong>peditum,</strong></span> <span class='ocrx_word' id='word_1_214' title='bbox 545 2412 605 2474; x_wconf 91' lang='lat' dir='ltr'><strong>duo</strong></span> <span class='ocrx_word' id='word_1_215' title='bbox 625 2412 758 2494; x_wconf 86' lang='lat' dir='ltr'><strong>equitum</strong></span> <span class='ocrx_word' id='word_1_216' title='bbox 767 2411 898 2495; x_wconf 74' lang='lat' dir='ltr'><strong>fitnrra.</strong></span> <span class='ocrx_word' id='word_1_217' title='bbox 940 2414 1068 2478; x_wconf 84' lang='lat' dir='ltr'><strong>Auditis</strong></span> <span class='ocrx_word' id='word_1_218' title='bbox 1080 2414 1210 2480; x_wconf 77' lang='lat' dir='ltr'><strong>hostium</strong></span> 
     </span>
     <span class='ocr_line' id='line_1_28' title="bbox 142 2499 1210 2586; baseline -0.002 -20"><span class='ocrx_word' id='word_1_219' title='bbox 142 2503 250 2586; x_wconf 84' lang='lat' dir='ltr'><strong>capiis,</strong></span> <span class='ocrx_word' id='word_1_220' title='bbox 279 2500 465 2582; x_wconf 81' lang='lat' dir='ltr'><strong>respicerent</strong></span> <span class='ocrx_word' id='word_1_221' title='bbox 493 2519 576 2562; x_wconf 87' lang='lat' dir='ltr'><strong>suum</strong></span> <span class='ocrx_word' id='word_1_222' title='bbox 602 2499 664 2580; x_wconf 85' lang='lat' dir='ltr'><strong>ipsi</strong></span> <span class='ocrx_word' id='word_1_223' title='bbox 692 2499 872 2570; x_wconf 64' lang='lat' dir='ltr'><strong>euerritums</strong></span> <span class='ocrx_word' id='word_1_224' title='bbox 905 2508 1050 2582; x_wconf 87' lang='lat' dir='ltr'><strong>quantum</strong></span> <span class='ocrx_word' id='word_1_225' title='bbox 1074 2521 1210 2580; x_wconf 86' lang='lat' dir='ltr'><strong>numero,</strong></span> 
     </span>
    </p>
   </div>
   <div class='ocr_carea' id='block_1_5' title="bbox 23 2585 1213 2674">
    <p class='ocr_par' dir='ltr' id='par_1_7' title="bbox 23 2585 1213 2674">
     <span class='ocr_line' id='line_1_29' title="bbox 23 2585 1213 2674; baseline 0.001 -23"><span class='ocrx_word' id='word_1_226' title='bbox 23 2585 24 2592; x_wconf 60' lang='lat'><em>&#39;</em></span> <span class='ocrx_word' id='word_1_227' title='bbox 143 2597 290 2674; x_wconf 84' lang='lat' dir='ltr'><strong>quantum</strong></span> <span class='ocrx_word' id='word_1_228' title='bbox 306 2606 419 2670; x_wconf 79' lang='lat' dir='ltr'><strong>genere</strong></span> <span class='ocrx_word' id='word_1_229' title='bbox 438 2585 568 2654; x_wconf 86' lang='lat' dir='ltr'><strong>militum</strong></span> <span class='ocrx_word' id='word_1_230' title='bbox 586 2593 774 2667; x_wconf 78' lang='lat' dir='ltr'><strong>praestarent</strong></span> <span class='ocrx_word' id='word_1_231' title='bbox 792 2585 955 2664; x_wconf 86' lang='lat' dir='ltr'><strong>tironibus,</strong></span> <span class='ocrx_word' id='word_1_232' title='bbox 975 2585 1091 2670; x_wconf 85' lang='lat' dir='ltr'><strong>raptim</strong></span> <span class='ocrx_word' id='word_1_233' title='bbox 1112 2589 1156 2651; x_wconf 83' lang='lat' dir='ltr'><strong>ad</strong></span> <span class='ocrx_word' id='word_1_234' title='bbox 1176 2589 1213 2652; x_wconf 84' lang='lat' dir='ltr'><strong>id</strong></span> 
     </span>
    </p>
   </div>
   <div class='ocr_carea' id='block_1_6' title="bbox 139 2670 1332 3449">
    <p class='ocr_par' dir='ltr' id='par_1_8' title="bbox 139 2670 1332 3449">
     <span class='ocr_line' id='line_1_30' title="bbox 143 2670 1212 2756; baseline -0.001 -16"><span class='ocrx_word' id='word_1_235' title='bbox 143 2677 252 2746; x_wconf 87' lang='lat' dir='ltr'><strong>bellum</strong></span> <span class='ocrx_word' id='word_1_236' title='bbox 273 2671 463 2756; x_wconf 57' lang='lat' dir='ltr'><strong>conseruatis,</strong></span> <span class='ocrx_word' id='word_1_237' title='bbox 479 2670 553 2753; x_wconf 84' lang='lat' dir='ltr'><strong>ipsi,</strong></span> <span class='ocrx_word' id='word_1_238' title='bbox 567 2691 588 2733; x_wconf 92' lang='lat' dir='ltr'><strong>a</strong></span> <span class='ocrx_word' id='word_1_239' title='bbox 604 2671 713 2752; x_wconf 85' lang='lat' dir='ltr'><strong>pueris</strong></span> <span class='ocrx_word' id='word_1_240' title='bbox 733 2671 851 2734; x_wconf 67' lang='lat' dir='ltr'><strong>auditi</strong></span> <span class='ocrx_word' id='word_1_241' title='bbox 870 2671 990 2736; x_wconf 89' lang='lat' dir='ltr'><strong>artibus</strong></span> <span class='ocrx_word' id='word_1_242' title='bbox 1010 2674 1143 2753; x_wconf 72' lang='lat' dir='ltr'><strong>militiae,</strong></span> <span class='ocrx_word' id='word_1_243' title='bbox 1165 2683 1212 2740; x_wconf 89' lang='lat' dir='ltr'><strong>tot</strong></span> 
     </span>
     <span class='ocr_line' id='line_1_31' title="bbox 144 2755 1213 2844; baseline 0.001 -20"><span class='ocrx_word' id='word_1_244' title='bbox 144 2761 263 2836; x_wconf 82' lang='lat' dir='ltr'><strong>subacti</strong></span> <span class='ocrx_word' id='word_1_245' title='bbox 291 2767 383 2842; x_wconf 86' lang='lat' dir='ltr'><strong>atque</strong></span> <span class='ocrx_word' id='word_1_246' title='bbox 411 2757 519 2822; x_wconf 89' lang='lat' dir='ltr'><strong>durati</strong></span> <span class='ocrx_word' id='word_1_247' title='bbox 546 2755 643 2822; x_wconf 82' lang='lat' dir='ltr'><strong>bellis.</strong></span> <span class='ocrx_word' id='word_1_248' title='bbox 694 2755 828 2821; x_wconf 84' lang='lat' dir='ltr'><strong>Aunilia</strong></span> <span class='ocrx_word' id='word_1_249' title='bbox 856 2757 1008 2824; x_wconf 83' lang='lat' dir='ltr'><strong>Romanis</strong></span> <span class='ocrx_word' id='word_1_250' title='bbox 1035 2760 1152 2844; x_wconf 73' lang='lat' dir='ltr'><strong>Lydos,</strong></span> <span class='ocrx_word' id='word_1_251' title='bbox 1181 2770 1213 2826; x_wconf 84' lang='lat' dir='ltr'><strong>et</strong></span> 
     </span>
     <span class='ocr_line' id='line_1_32' title="bbox 144 2841 1212 2933; baseline -0.001 -20"><span class='ocrx_word' id='word_1_252' title='bbox 144 2849 303 2933; x_wconf 71' lang='lat' dir='ltr'><strong>Phrygas,</strong></span> <span class='ocrx_word' id='word_1_253' title='bbox 318 2854 349 2909; x_wconf 89' lang='lat' dir='ltr'><strong>et</strong></span> <span class='ocrx_word' id='word_1_254' title='bbox 362 2843 517 2908; x_wconf 85' lang='lat' dir='ltr'><strong>Numidas</strong></span> <span class='ocrx_word' id='word_1_255' title='bbox 531 2863 610 2907; x_wconf 85' lang='lat' dir='ltr'><strong>esse.-</strong></span> <span class='ocrx_word' id='word_1_256' title='bbox 630 2841 692 2908; x_wconf 90' lang='lat' dir='ltr'><strong>sibi</strong></span> <span class='ocrx_word' id='word_1_257' title='bbox 706 2843 855 2919; x_wconf 64' lang='lat' dir='ltr'><strong>stratas,</strong></span> <span class='ocrx_word' id='word_1_258' title='bbox 867 2843 1212 2929; x_wconf 84' lang='lat' dir='ltr'><strong>Gallosque,feroeissi-</strong></span> 
     </span>
     <span class='ocr_line' id='line_1_33' title="bbox 146 2929 1212 3020; baseline -0.001 -22"><span class='ocrx_word' id='word_1_259' title='bbox 146 2929 371 3020; x_wconf 76' lang='lat' dir='ltr'><strong>mergentium.</strong></span> <span class='ocrx_word' id='word_1_260' title='bbox 405 2929 504 3014; x_wconf 64' lang='lat' dir='ltr'><strong>Annia</strong></span> <span class='ocrx_word' id='word_1_261' title='bbox 518 2930 588 2994; x_wconf 84' lang='lat' dir='ltr'><strong>illos</strong></span> <span class='ocrx_word' id='word_1_262' title='bbox 601 2929 713 2993; x_wconf 81' lang='lat' dir='ltr'><strong>babere</strong></span> <span class='ocrx_word' id='word_1_263' title='bbox 727 2951 774 3006; x_wconf 86' lang='lat' dir='ltr'><strong>aa,</strong></span> <span class='ocrx_word' id='word_1_264' title='bbox 785 2950 853 3014; x_wconf 79' lang='lat' dir='ltr'><strong>qua</strong></span> <span class='ocrx_word' id='word_1_265' title='bbox 866 2931 928 2995; x_wconf 87' lang='lat' dir='ltr'><strong>sibi</strong></span> <span class='ocrx_word' id='word_1_266' title='bbox 940 2934 1067 3016; x_wconf 86' lang='lat' dir='ltr'><strong>quisque</strong></span> <span class='ocrx_word' id='word_1_267' title='bbox 1074 2954 1212 3015; x_wconf 83' lang='lat' dir='ltr'><strong>paraue-</strong></span> 
     </span>
     <span class='ocr_line' id='line_1_34' title="bbox 144 3015 1332 3104; baseline 0 -18"><span class='ocrx_word' id='word_1_268' title='bbox 144 3017 436 3102; x_wconf 61' lang='lat' dir='ltr'><strong>depauperatus:</strong></span> <span class='ocrx_word' id='word_1_269' title='bbox 460 3015 651 3080; x_wconf 78' lang='lat' dir='ltr'><strong>Mmedonas</strong></span> <span class='ocrx_word' id='word_1_270' title='bbox 658 3025 784 3098; x_wconf 80' lang='lat' dir='ltr'><strong>promta</strong></span> <span class='ocrx_word' id='word_1_271' title='bbox 806 3039 845 3080; x_wconf 80' lang='lat' dir='ltr'><strong>aa</strong></span> <span class='ocrx_word' id='word_1_272' title='bbox 864 3018 952 3101; x_wconf 85' lang='lat' dir='ltr'><strong>regio</strong></span> <span class='ocrx_word' id='word_1_273' title='bbox 973 3021 1141 3104; x_wconf 86' lang='lat' dir='ltr'><strong>adparatu,</strong></span> <span class='ocrx_word' id='word_1_274' title='bbox 1150 3041 1214 3102; x_wconf 88' lang='lat' dir='ltr'><strong>per</strong></span> <span class='ocrx_word' id='word_1_275' title='bbox 1330 3097 1332 3102; x_wconf 65' lang='lat'>,</span> 
     </span>
     <span class='ocr_line' id='line_1_35' title="bbox 147 3089 1214 3186; baseline 0 -14"><span class='ocrx_word' id='word_1_276' title='bbox 147 3117 192 3172; x_wconf 91' lang='lat' dir='ltr'><strong>tot</strong></span> <span class='ocrx_word' id='word_1_277' title='bbox 206 3125 306 3169; x_wconf 87' lang='lat' dir='ltr'><strong>annos</strong></span> <span class='ocrx_word' id='word_1_278' title='bbox 313 3104 419 3186; x_wconf 85' lang='lat' dir='ltr'><strong>putris</strong></span> <span class='ocrx_word' id='word_1_279' title='bbox 433 3104 482 3168; x_wconf 86' lang='lat' dir='ltr'><strong>sui</strong></span> <span class='ocrx_word' id='word_1_280' title='bbox 495 3123 570 3165; x_wconf 87' lang='lat' dir='ltr'><strong>eura</strong></span> <span class='ocrx_word' id='word_1_281' title='bbox 589 3109 618 3166; x_wconf 86' lang='lat' dir='ltr'><strong>et</strong></span> <span class='ocrx_word' id='word_1_282' title='bbox 638 3103 767 3182; x_wconf 86' lang='lat' dir='ltr'><strong>inpensa</strong></span> <span class='ocrx_word' id='word_1_283' title='bbox 776 3102 887 3184; x_wconf 85' lang='lat' dir='ltr'><strong>facta.</strong></span> <span class='ocrx_word' id='word_1_284' title='bbox 932 3089 1134 3169; x_wconf 71' lang='lat' dir='ltr'><strong>Commeatum</strong></span> <span class='ocrx_word' id='word_1_285' title='bbox 1148 3108 1214 3172; x_wconf 82' lang='lat' dir='ltr'><strong>illis</strong></span> 
     </span>
     <span class='ocr_line' id='line_1_36' title="bbox 146 3187 1213 3279; baseline 0 -23"><span class='ocrx_word' id='word_1_286' title='bbox 146 3214 236 3279; x_wconf 86' lang='lat' dir='ltr'><strong>quum</strong></span> <span class='ocrx_word' id='word_1_287' title='bbox 254 3191 374 3275; x_wconf 81' lang='lat' dir='ltr'><strong>procat,</strong></span> <span class='ocrx_word' id='word_1_288' title='bbox 397 3197 460 3252; x_wconf 89' lang='lat' dir='ltr'><strong>tum</strong></span> <span class='ocrx_word' id='word_1_289' title='bbox 481 3187 616 3273; x_wconf 81' lang='lat' dir='ltr'><strong>amnibus</strong></span> <span class='ocrx_word' id='word_1_290' title='bbox 637 3187 830 3275; x_wconf 71' lang='lat' dir='ltr'><strong>nubentibus</strong></span> <span class='ocrx_word' id='word_1_291' title='bbox 849 3189 1015 3254; x_wconf 87' lang='lat' dir='ltr'><strong>maritimis</strong></span> <span class='ocrx_word' id='word_1_292' title='bbox 1016 3191 1112 3274; x_wconf 83' lang='lat' dir='ltr'><strong>fore.-</strong></span> <span class='ocrx_word' id='word_1_293' title='bbox 1134 3213 1166 3255; x_wconf 88' lang='lat' dir='ltr'><strong>se</strong></span> <span class='ocrx_word' id='word_1_294' title='bbox 1182 3202 1213 3256; x_wconf 91' lang='lat' dir='ltr'><strong>et</strong></span> 
     </span>
     <span class='ocr_line' id='line_1_37' title="bbox 139 3273 1214 3364; baseline -0.004 -18"><span class='ocrx_word' id='word_1_295' title='bbox 139 3279 306 3364; x_wconf 81' lang='lat' dir='ltr'><strong>partenium</strong></span> <span class='ocrx_word' id='word_1_296' title='bbox 320 3285 351 3340; x_wconf 90' lang='lat' dir='ltr'><strong>et</strong></span> <span class='ocrx_word' id='word_1_297' title='bbox 359 3275 562 3360; x_wconf 86' lang='lat' dir='ltr'><strong>fiumentum,</strong></span> <span class='ocrx_word' id='word_1_298' title='bbox 573 3282 692 3356; x_wconf 78' lang='lat' dir='ltr'><strong>praeter</strong></span> <span class='ocrx_word' id='word_1_299' title='bbox 703 3273 830 3353; x_wconf 84' lang='lat' dir='ltr'><strong>¹reditus</strong></span> <span class='ocrx_word' id='word_1_300' title='bbox 850 3276 1049 3354; x_wconf 83' lang='lat' dir='ltr'><strong>metallorum,</strong></span> <span class='ocrx_word' id='word_1_301' title='bbox 1066 3279 1100 3341; x_wconf 91' lang='lat' dir='ltr'><strong>in</strong></span> <span class='ocrx_word' id='word_1_302' title='bbox 1115 3278 1214 3342; x_wconf 82' lang='lat' dir='ltr'><strong>decem</strong></span> 
     </span>
     <span class='ocr_line' id='line_1_38' title="bbox 144 3359 1215 3449; baseline -0.003 -18"><span class='ocrx_word' id='word_1_303' title='bbox 144 3385 246 3432; x_wconf 79' lang='lat' dir='ltr'><strong>arunas</strong></span> <span class='ocrx_word' id='word_1_304' title='bbox 258 3364 433 3447; x_wconf 80' lang='lat' dir='ltr'><strong>seposuisse.</strong></span> <span class='ocrx_word' id='word_1_305' title='bbox 466 3359 670 3445; x_wconf 69' lang='lat' dir='ltr'><strong>omniaque</strong></span> <span class='ocrx_word' id='word_1_306' title='bbox 681 3359 1034 3446; x_wconf 82' lang='lat' dir='ltr'><strong>Demumindulgentia,</strong></span> <span class='ocrx_word' id='word_1_307' title='bbox 1047 3366 1215 3449; x_wconf 72' lang='lat' dir='ltr'><strong>quaeregio</strong></span> 
     </span>
    </p>
   </div>
   <div class='ocr_carea' id='block_1_7' title="bbox 143 3568 1216 4402">
    <p class='ocr_par' dir='ltr' id='par_1_9' title="bbox 143 3568 1216 4402">
     <span class='ocr_line' id='line_1_39' title="bbox 143 3568 931 3633; baseline -0.006 -10"><span class='ocrx_word' id='word_1_308' title='bbox 143 3574 209 3632; x_wconf 75' lang='lat' dir='ltr'><strong>bunt,</strong></span> <span class='ocrx_word' id='word_1_309' title='bbox 238 3575 344 3633; x_wconf 86' lang='lat' dir='ltr'><strong>quatuor</strong></span> <span class='ocrx_word' id='word_1_310' title='bbox 368 3569 447 3618; x_wconf 87' lang='lat' dir='ltr'><strong>millia</strong></span> <span class='ocrx_word' id='word_1_311' title='bbox 472 3575 498 3618; x_wconf 84' lang='lat' dir='ltr'><strong>et</strong></span> <span class='ocrx_word' id='word_1_312' title='bbox 521 3568 666 3630; x_wconf 72' lang='lat' dir='ltr'><strong>quingentos</strong></span> <span class='ocrx_word' id='word_1_313' title='bbox 697 3569 773 3631; x_wconf 81' lang='lat' dir='ltr'><strong>quieti</strong></span> <span class='ocrx_word' id='word_1_314' title='bbox 784 3569 931 3618; x_wconf 84' lang='lat' dir='ltr'><strong>viderentur.</strong></span> 
     </span>
     <span class='ocr_line' id='line_1_40' title="bbox 145 3631 1214 3700; baseline -0.007 -14"><span class='ocrx_word' id='word_1_315' title='bbox 145 3639 256 3700; x_wconf 78' lang='lat' dir='ltr'><strong>equitas:</strong></span> <span class='ocrx_word' id='word_1_316' title='bbox 272 3647 348 3696; x_wconf 84' lang='lat' dir='ltr'><strong>quarn</strong></span> <span class='ocrx_word' id='word_1_317' title='bbox 356 3636 503 3684; x_wconf 71' lang='lat' dir='ltr'><strong>metentium</strong></span> <span class='ocrx_word' id='word_1_318' title='bbox 511 3633 666 3694; x_wconf 81' lang='lat' dir='ltr'><strong>videturipse</strong></span> <span class='ocrx_word' id='word_1_319' title='bbox 730 3633 763 3683; x_wconf 73' lang='lat' dir='ltr'><strong>&#39;it</strong></span> <span class='ocrx_word' id='word_1_320' title='bbox 777 3633 900 3697; x_wconf 75' lang='lat' dir='ltr'><strong>injurtam</strong></span> <span class='ocrx_word' id='word_1_321' title='bbox 906 3632 988 3696; x_wconf 79' lang='lat' dir='ltr'><strong>popuii</strong></span> <span class='ocrx_word' id='word_1_322' title='bbox 998 3631 1114 3697; x_wconf 79' lang='lat' dir='ltr'><strong>Rmnmi]</strong></span> <span class='ocrx_word' id='word_1_323' title='bbox 1132 3631 1214 3694; x_wconf 75' lang='lat' dir='ltr'><strong>Magis</strong></span> 
     </span>
     <span class='ocr_line' id='line_1_41' title="bbox 147 3695 1212 3760; baseline -0.007 -8"><span class='ocrx_word' id='word_1_324' title='bbox 147 3708 311 3752; x_wconf 82' lang='lat' dir='ltr'><strong>secutrnesse</strong></span> <span class='ocrx_word' id='word_1_325' title='bbox 322 3696 589 3756; x_wconf 83' lang='lat' dir='ltr'><strong>Livius‚l.1X.e.19.</strong></span> <span class='ocrx_word' id='word_1_326' title='bbox 606 3695 667 3747; x_wconf 89' lang='lat' dir='ltr'><strong>Vid.</strong></span> <span class='ocrx_word' id='word_1_327' title='bbox 697 3699 803 3758; x_wconf 85' lang='lat' dir='ltr'><strong>piscaret</strong></span> <span class='ocrx_word' id='word_1_328' title='bbox 829 3699 936 3760; x_wconf 70' lang='lat' dir='ltr'><strong>injuratos.</strong></span> <span class='ocrx_word' id='word_1_329' title='bbox 975 3698 1050 3748; x_wconf 88' lang='lat' dir='ltr'><strong>Libro</strong></span> <span class='ocrx_word' id='word_1_330' title='bbox 1072 3699 1106 3746; x_wconf 90' lang='lat'><strong>11.</strong></span> <span class='ocrx_word' id='word_1_331' title='bbox 1128 3712 1149 3748; x_wconf 84' lang='lat' dir='ltr'><strong>c·</strong></span> <span class='ocrx_word' id='word_1_332' title='bbox 1171 3697 1212 3745; x_wconf 78' lang='lat'><strong>3⁸.</strong></span> 
     </span>
     <span class='ocr_line' id='line_1_42' title="bbox 147 3761 1215 3829; baseline -0.005 -14"><span class='ocrx_word' id='word_1_333' title='bbox 147 3767 334 3816; x_wconf 80' lang='lat' dir='ltr'><strong>etFreinshem.</strong></span> <span class='ocrx_word' id='word_1_334' title='bbox 345 3765 668 3826; x_wconf 85' lang='lat' dir='ltr'><strong>quiexpriseismonumen·</strong></span> <span class='ocrx_word' id='word_1_335' title='bbox 703 3763 793 3812; x_wconf 77' lang='lat' dir='ltr'><strong>Veteres</strong></span> <span class='ocrx_word' id='word_1_336' title='bbox 809 3764 892 3824; x_wconf 81' lang='lat' dir='ltr'><strong>popuii</strong></span> <span class='ocrx_word' id='word_1_337' title='bbox 912 3763 1015 3810; x_wconf 78' lang='lat' dir='ltr'><strong>Breuni</strong></span> <span class='ocrx_word' id='word_1_338' title='bbox 1033 3764 1149 3829; x_wconf 67' lang='lat' dir='ltr'><strong>injurias,</strong></span> <span class='ocrx_word' id='word_1_339' title='bbox 1166 3761 1215 3811; x_wconf 83' lang='lat' dir='ltr'><strong>ate·</strong></span> 
     </span>
     <span class='ocr_line' id='line_1_43' title="bbox 145 3825 1022 3890; baseline -0.003 -12"><span class='ocrx_word' id='word_1_340' title='bbox 145 3833 179 3878; x_wconf 90' lang='lat' dir='ltr'><strong>tis</strong></span> <span class='ocrx_word' id='word_1_341' title='bbox 196 3845 251 3878; x_wconf 88' lang='lat' dir='ltr'><strong>rem</strong></span> <span class='ocrx_word' id='word_1_342' title='bbox 270 3830 400 3890; x_wconf 79' lang='lat' dir='ltr'><strong>diligenter</strong></span> <span class='ocrx_word' id='word_1_343' title='bbox 418 3829 567 3889; x_wconf 83' lang='lat' dir='ltr'><strong>exsequitur,</strong></span> <span class='ocrx_word' id='word_1_344' title='bbox 584 3825 668 3888; x_wconf 81' lang='lat' dir='ltr'><strong>Suppl.</strong></span> <span class='ocrx_word' id='word_1_345' title='bbox 699 3827 780 3888; x_wconf 78' lang='lat' dir='ltr'><strong>deeque</strong></span> <span class='ocrx_word' id='word_1_346' title='bbox 788 3831 868 3888; x_wconf 72' lang='lat' dir='ltr'><strong>geute</strong></span> <span class='ocrx_word' id='word_1_347' title='bbox 883 3827 1022 3875; x_wconf 71' lang='lat' dir='ltr'><strong>Volumnum.</strong></span> 
     </span>
     <span class='ocr_line' id='line_1_44' title="bbox 147 3891 1215 3954; baseline -0.005 -10"><span class='ocrx_word' id='word_1_348' title='bbox 147 3896 175 3944; x_wconf 88' lang='lat' dir='ltr'><strong>in</strong></span> <span class='ocrx_word' id='word_1_349' title='bbox 187 3893 456 3954; x_wconf 77' lang='lat' dir='ltr'><strong>mmtum,1.11.c.3.</strong></span> <span class='ocrx_word' id='word_1_350' title='bbox 706 3939 709 3946; x_wconf 88' lang='grc'>,</span> <span class='ocrx_word' id='word_1_351' title='bbox 731 3891 764 3939; x_wconf 79' lang='lat' dir='ltr'><strong>ib</strong></span> <span class='ocrx_word' id='word_1_352' title='bbox 778 3891 888 3952; x_wconf 74' lang='lat' dir='ltr'><strong>Singrdoe</strong></span> <span class='ocrx_word' id='word_1_353' title='bbox 908 3906 962 3940; x_wconf 84' lang='lat' dir='ltr'><strong>rena</strong></span> <span class='ocrx_word' id='word_1_354' title='bbox 978 3891 1055 3940; x_wconf 81' lang='lat' dir='ltr'><strong>mutu</strong></span> <span class='ocrx_word' id='word_1_355' title='bbox 1067 3891 1176 3952; x_wconf 81' lang='lat' dir='ltr'><strong>peditum</strong></span> <span class='ocrx_word' id='word_1_356' title='bbox 1191 3895 1215 3939; x_wconf 87' lang='lat' dir='ltr'><strong>et</strong></span> 
     </span>
     <span class='ocr_line' id='line_1_45' title="bbox 181 3955 1215 4022; baseline -0.005 -13"><span class='ocrx_word' id='word_1_357' title='bbox 181 3961 215 4010; x_wconf 79' lang='lat' dir='ltr'><strong>&#39;ts</strong></span> <span class='ocrx_word' id='word_1_358' title='bbox 230 3959 290 4008; x_wconf 82' lang='lat' dir='ltr'><strong>Nou</strong></span> <span class='ocrx_word' id='word_1_359' title='bbox 300 3961 366 4022; x_wconf 81' lang='lat' dir='ltr'><strong>justa</strong></span> <span class='ocrx_word' id='word_1_360' title='bbox 377 3957 667 4010; x_wconf 81' lang='lat' dir='ltr'><strong>decursatemen,neete·</strong></span> <span class='ocrx_word' id='word_1_361' title='bbox 698 3959 798 4004; x_wconf 78' lang='lat' dir='ltr'><strong>trecenae</strong></span> <span class='ocrx_word' id='word_1_362' title='bbox 807 3955 905 4019; x_wconf 70' lang='lat' dir='ltr'><strong>equine]</strong></span> <span class='ocrx_word' id='word_1_363' title='bbox 933 3957 1047 4017; x_wconf 81' lang='lat' dir='ltr'><strong>Quinque</strong></span> <span class='ocrx_word' id='word_1_364' title='bbox 1062 3955 1155 4018; x_wconf 85' lang='lat' dir='ltr'><strong>primas</strong></span> <span class='ocrx_word' id='word_1_365' title='bbox 1170 3970 1215 4004; x_wconf 81' lang='lat' dir='ltr'><strong>vo·</strong></span> 
     </span>
     <span class='ocr_line' id='line_1_46' title="bbox 147 4019 1213 4086; baseline -0.004 -14"><span class='ocrx_word' id='word_1_366' title='bbox 147 4025 203 4072; x_wconf 70' lang='lat' dir='ltr'><strong>fiere</strong></span> <span class='ocrx_word' id='word_1_367' title='bbox 229 4021 333 4084; x_wconf 84' lang='lat' dir='ltr'><strong>tantum]</strong></span> <span class='ocrx_word' id='word_1_368' title='bbox 361 4019 509 4082; x_wconf 67' lang='lat' dir='ltr'><strong>nnn-pontt</strong></span> <span class='ocrx_word' id='word_1_369' title='bbox 537 4021 665 4068; x_wconf 75' lang='lat' dir='ltr'><strong>Muretuse</strong></span> <span class='ocrx_word' id='word_1_370' title='bbox 692 4034 738 4086; x_wconf 69' lang='lat' dir='ltr'><strong>pes</strong></span> <span class='ocrx_word' id='word_1_371' title='bbox 748 4020 850 4067; x_wconf 86' lang='lat' dir='ltr'><strong>inseruit</strong></span> <span class='ocrx_word' id='word_1_372' title='bbox 861 4020 968 4068; x_wconf 85' lang='lat' dir='ltr'><strong>Clericus</strong></span> <span class='ocrx_word' id='word_1_373' title='bbox 984 4034 1014 4068; x_wconf 83' lang='lat' dir='ltr'><strong>ex</strong></span> <span class='ocrx_word' id='word_1_374' title='bbox 1026 4025 1109 4068; x_wconf 87' lang='lat' dir='ltr'><strong>mente</strong></span> <span class='ocrx_word' id='word_1_375' title='bbox 1120 4022 1213 4068; x_wconf 88' lang='lat' dir='ltr'><strong>Grono-</strong></span> 
     </span>
     <span class='ocr_line' id='line_1_47' title="bbox 147 4084 1214 4152; baseline -0.003 -16"><span class='ocrx_word' id='word_1_376' title='bbox 147 4103 195 4136; x_wconf 86' lang='lat' dir='ltr'><strong>non</strong></span> <span class='ocrx_word' id='word_1_377' title='bbox 205 4091 273 4152; x_wconf 71' lang='lat' dir='ltr'><strong>Jurta</strong></span> <span class='ocrx_word' id='word_1_378' title='bbox 290 4086 388 4134; x_wconf 62' lang='lat' dir='ltr'><strong>&amp;turns</strong></span> <span class='ocrx_word' id='word_1_379' title='bbox 404 4089 498 4141; x_wconf 80' lang='lat' dir='ltr'><strong>temen,-</strong></span> <span class='ocrx_word' id='word_1_380' title='bbox 522 4088 623 4140; x_wconf 82' lang='lat' dir='ltr'><strong>tontuns,</strong></span> <span class='ocrx_word' id='word_1_381' title='bbox 638 4097 668 4132; x_wconf 88' lang='lat' dir='ltr'><strong>ne</strong></span> <span class='ocrx_word' id='word_1_382' title='bbox 697 4085 739 4131; x_wconf 83' lang='lat' dir='ltr'><strong>vii.</strong></span> <span class='ocrx_word' id='word_1_383' title='bbox 767 4084 928 4132; x_wconf 76' lang='lat' dir='ltr'><strong>Manifestum</strong></span> <span class='ocrx_word' id='word_1_384' title='bbox 939 4090 992 4132; x_wconf 86' lang='lat' dir='ltr'><strong>erat</strong></span> <span class='ocrx_word' id='word_1_385' title='bbox 1001 4086 1094 4146; x_wconf 85' lang='lat' dir='ltr'><strong>aliquid</strong></span> <span class='ocrx_word' id='word_1_386' title='bbox 1103 4087 1214 4135; x_wconf 80' lang='lat' dir='ltr'><strong>hocloco</strong></span> 
     </span>
     <span class='ocr_line' id='line_1_48' title="bbox 148 4148 1213 4204; baseline -0.003 -3"><span class='ocrx_word' id='word_1_387' title='bbox 148 4155 238 4201; x_wconf 77' lang='lat' dir='ltr'><strong>stetim</strong></span> <span class='ocrx_word' id='word_1_388' title='bbox 253 4153 281 4200; x_wconf 82' lang='lat' dir='ltr'><strong>iss</strong></span> <span class='ocrx_word' id='word_1_389' title='bbox 295 4152 370 4198; x_wconf 83' lang='lat' dir='ltr'><strong>armis</strong></span> <span class='ocrx_word' id='word_1_390' title='bbox 390 4149 530 4204; x_wconf 81' lang='lat' dir='ltr'><strong>uiderentur.</strong></span> <span class='ocrx_word' id='word_1_391' title='bbox 562 4151 667 4202; x_wconf 72' lang='lat' dir='ltr'><strong>Granu—</strong></span> <span class='ocrx_word' id='word_1_392' title='bbox 697 4150 788 4197; x_wconf 87' lang='lat' dir='ltr'><strong>deesse.</strong></span> <span class='ocrx_word' id='word_1_393' title='bbox 821 4149 871 4196; x_wconf 75' lang='lat' dir='ltr'><strong>Cur</strong></span> <span class='ocrx_word' id='word_1_394' title='bbox 889 4149 956 4196; x_wconf 87' lang='lat' dir='ltr'><strong>enim</strong></span> <span class='ocrx_word' id='word_1_395' title='bbox 978 4148 1081 4196; x_wconf 86' lang='lat' dir='ltr'><strong>Perseus</strong></span> <span class='ocrx_word' id='word_1_396' title='bbox 1102 4151 1133 4197; x_wconf 90' lang='lat' dir='ltr'><strong>de</strong></span> <span class='ocrx_word' id='word_1_397' title='bbox 1155 4151 1213 4198; x_wconf 80' lang='lat' dir='ltr'><strong>solis</strong></span> 
     </span>
     <span class='ocr_line' id='line_1_49' title="bbox 148 4213 1216 4274; baseline 0.002 -10"><span class='ocrx_word' id='word_1_398' title='bbox 148 4229 223 4266; x_wconf 72' lang='lat' dir='ltr'><strong>urna</strong></span> <span class='ocrx_word' id='word_1_399' title='bbox 256 4213 339 4262; x_wconf 83' lang='lat' dir='ltr'><strong>&#39;Non</strong></span> <span class='ocrx_word' id='word_1_400' title='bbox 355 4215 515 4262; x_wconf 85' lang='lat' dir='ltr'><strong>decurrerunt</strong></span> <span class='ocrx_word' id='word_1_401' title='bbox 528 4213 614 4274; x_wconf 81' lang='lat' dir='ltr'><strong>plane:</strong></span> <span class='ocrx_word' id='word_1_402' title='bbox 639 4213 666 4260; x_wconf 87' lang='lat' dir='ltr'><strong>id</strong></span> <span class='ocrx_word' id='word_1_403' title='bbox 684 4213 820 4274; x_wconf 67' lang='lat' dir='ltr'><strong>,equitibus</strong></span> <span class='ocrx_word' id='word_1_404' title='bbox 835 4213 986 4260; x_wconf 86' lang='lat' dir='ltr'><strong>mentionem</strong></span> <span class='ocrx_word' id='word_1_405' title='bbox 1000 4215 1097 4263; x_wconf 73' lang='lat' dir='ltr'><strong>smeret.</strong></span> <span class='ocrx_word' id='word_1_406' title='bbox 1127 4213 1216 4266; x_wconf 68' lang='lat' dir='ltr'><strong>,ureae-</strong></span> 
     </span>
     <span class='ocr_line' id='line_1_50' title="bbox 146 4277 1147 4342; baseline -0.002 -14"><span class='ocrx_word' id='word_1_407' title='bbox 146 4287 246 4336; x_wconf 81' lang='lat' dir='ltr'><strong>tantum</strong></span> <span class='ocrx_word' id='word_1_408' title='bbox 265 4280 362 4334; x_wconf 78' lang='lat' dir='ltr'><strong>edidere</strong></span> <span class='ocrx_word' id='word_1_409' title='bbox 378 4285 471 4339; x_wconf 85' lang='lat' dir='ltr'><strong>motus,</strong></span> <span class='ocrx_word' id='word_1_410' title='bbox 487 4279 553 4339; x_wconf 88' lang='lat' dir='ltr'><strong>quod</strong></span> <span class='ocrx_word' id='word_1_411' title='bbox 569 4289 666 4338; x_wconf 80' lang='lat' dir='ltr'><strong>neeesse</strong></span> <span class='ocrx_word' id='word_1_412' title='bbox 696 4278 855 4340; x_wconf 80' lang='lat' dir='ltr'><strong>umrepnsuit</strong></span> <span class='ocrx_word' id='word_1_413' title='bbox 869 4277 1147 4342; x_wconf 80' lang='lat' dir='ltr'><strong>Sigoniusprotrieenos.</strong></span> 
     </span>
     <span class='ocr_line' id='line_1_51' title="bbox 146 4341 666 4402; baseline -0.012 -6"><span class='ocrx_word' id='word_1_414' title='bbox 146 4351 199 4398; x_wconf 79' lang='lat' dir='ltr'><strong>eret</strong></span> <span class='ocrx_word' id='word_1_415' title='bbox 210 4354 239 4396; x_wconf 85' lang='lat' dir='ltr'><strong>ut</strong></span> <span class='ocrx_word' id='word_1_416' title='bbox 254 4357 305 4396; x_wconf 88' lang='lat' dir='ltr'><strong>non</strong></span> <span class='ocrx_word' id='word_1_417' title='bbox 321 4343 417 4402; x_wconf 69' lang='lat' dir='ltr'><strong>sunum</strong></span> <span class='ocrx_word' id='word_1_418' title='bbox 432 4344 459 4392; x_wconf 86' lang='lat' dir='ltr'><strong>in</strong></span> <span class='ocrx_word' id='word_1_419' title='bbox 475 4343 550 4392; x_wconf 83' lang='lat' dir='ltr'><strong>armis</strong></span> <span class='ocrx_word' id='word_1_420' title='bbox 565 4341 666 4392; x_wconf 89' lang='lat' dir='ltr'><strong>omnino</strong></span> 
     </span>
    </p>
   </div>
   <div class='ocr_carea' id='block_1_8' title="bbox 0 0 1577 4984">
    <p class='ocr_par' dir='ltr' id='par_1_10' title="bbox 0 0 1577 4984">
     <span class='ocr_line' id='line_1_52' title="bbox 0 0 1577 4984; baseline 0 0"><span class='ocrx_word' id='word_1_421' title='bbox 0 0 1577 4984; x_wconf 95' lang='lat' dir='ltr'><strong> </strong></span> 
     </span>
    </p>
   </div>
  </div>
 </body>
</html>
