3056 4976
463 171 557 236 tls.
576 171 675 236 ttttt.
699 171 805 234 CAR
822 173 858 235 V.
1139 173 1187 244 ,ἢ

124 333 263 413 volvens,
276 352 399 414 omnes,
420 355 485 402 non
506 345 617 426 genno
630 335 727 402 modo
741 335 960 418 (semeiam
979 334 1119 404 civitates
1131 345 1217 410 stu.
1228 361 1255 409 c
1267 363 1322 412 rra
1347 345 1349 353 '

124 421 202 500 iem,
225 421 432 511 legationibus
454 422 628 504 mittendis,
649 423 828 508 pollicendo
847 423 951 510 plura,
972 443 1067 511 qnam
1079 455 1082 462 ·
1095 426 1217 510 prm-lt·
1229 429 1256 484 c·
1268 431 1323 477 ¹⁷³·

124 507 252 586 modo,
267 509 328 576 sibi
341 508 538 578 conciliabat.
581 508 686 574 Erant
704 521 809 574 tamen
832 531 1000 604 magnaeus
1017 522 1107 597 parte
1120 509 1179 576 ho·

122 594 250 666 minum
272 595 314 663 ad
327 594 466 662 fororem
487 596 557 684 ejus
574 595 720 661 inclinati
737 595 891 675 enimi,.et
908 595 1072 684 eliquanto
1085 619 1181 685 quem

123 679 160 744 in
182 679 362 747 Eumenem
384 682 619 768 propensiores:
642 703 742 782 quum
757 682 910 748 Eumenis
931 682 1093 750 beneflciis
1112 705 1183 749 mu·

125 765 319 853 neribnsque
340 789 452 834 omnes
466 767 604 834 Grmcioe
627 767 770 834 sevientes
787 779 821 833 et
840 767 983 854 plerique
1003 769 1183 856 principum

124 851 392 940 obligetiessenti
418 866 450 919 et
468 853 514 918 ita
533 875 571 918 se.
587 853 622 918 in
643 859 742 940 regno
760 875 818 918 sno
831 865 964 942 gereret,
978 868 1025 934 nt,
1039 877 1113 941 quoe
1124 855 1185 922 sub

124 937 251 1004 ditione
263 940 341 1026 ejus,
358 940 470 1006 urbes⁸
483 939 601 1006 nullim
621 938 731 1004 liberae
750 939 885 1004 civitatis
897 939 1056 1006 iustumne
1076 963 1184 1006 secum

123 1037 281 1091 mutatam
296 1024 421 1092 vellent.
441 1036 554 1094 contra
569 1025 683 1092 Perses
698 1024 783 1090 sna
801 1038 869 1091 emt
888 1038 961 1112 post
980 1027 1078 1112 petris
1098 1049 1184 1092 mor·

123 1121 188 1194 tesn¹
206 1133 341 1176 uxorem
354 1133 451 1178 mann
465 1133 521 1176 sna
534 1110 701 1176 occidisses
724 1111 881 1198 Apellem,
893 1111 1071 1178 ministrum
1083 1134 1185 1199 quon·

123 1195 199 1265 dem
225 1195 348 1263 fraudis
372 1197 406 1263 in
430 1196 528 1262 fratre
548 1196 700 1274 tollendo,
723 1212 819 1283 atque
839 1199 882 1263 cb
902 1196 938 1262 id
960 1198 1185 1286 requisiturus

6 1353 7 1362 χ
125 1281 283 1370 Philippo
297 1284 338 1348 ad
358 1282 561 1368 supplicium,
575 1281 779 1362 exsulantem,
793 1283 975 1349 arcessitum
996 1296 1068 1370 post
1088 1286 1187 1370 putris

6 1369 7 1422 l
124 1382 266 1436 mortem
288 1368 471 1456 ingentibus
491 1368 653 1454 promissis
673 1368 714 1434 ed
735 1370 868 1454 premia
881 1382 979 1440 tantm
1000 1376 1189 1458 perpetrotoe

123 1453 274 1521 reiciam
295 1453 498 1521 interfecisse.
520 1454 675 1520 intestinis
688 1455 715 1494 ¹⁰
722 1457 921 1542 externisque
938 1465 1094 1543 prseterea
1106 1457 1188 1530 mul-

125 1541 165 1614 tis
178 1540 325 1608 caedibus
338 1539 500 1622 infamem,
513 1561 572 1606 uec
585 1539 652 1607 ullo
668 1541 951 1608 commendabilem
968 1543 1090 1621 meritc,
1107 1565 1187 1628 prar-

5 1687 6 1698 .
125 1626 274 1698 ferebant
287 1625 383 1714 vulgo
397 1627 538 1692 civitates
551 1637 615 1692 tarn
631 1625 687 1712 pio
706 1647 782 1716 erga
800 1629 1005 1716 propinquos,
1020 1642 1084 1695 tasn
1101 1631 1189 1716 justo

5 1745 6 1748 ¹
123 1713 156 1778 in
171 1713 273 1816 cives,
287 1726 352 1779 tem
374 1713 528 1778 munifico
547 1734 624 1800 erge
645 1733 754 1778 omnes
773 1711 917 1780 homines
936 1716 1015 1820 regi,
1030 1737 1086 1781 seu
1105 1715 1189 1781 fama

122 1799 713 1988 nrrrtdtrturrnr
732 1801 1189 1987 nnrrtrnnn

124 1993 277 2124 {titt
290 1970 1196 2148 ‘titininlttdlltttttitltt

126 2143 199 2210 aeris
225 2144 336 2222 alieni,
357 2143 412 2210 sed
428 2142 575 2210 Thessali
599 2143 711 2208 etiam:
734 2142 806 2209 neru
823 2166 884 2210 con
941 2145 1023 2223 bne,
1039 2146 1124 2211 velut
1143 2160 1192 2213 te·
1269 2157 1272 2164 '

124 2230 189 2310 bm,
204 2231 243 2294 in
260 2228 620 2316 Perrbaebismquoque
633 2227 666 2294 id
680 2242 859 2316 pervaserat
872 2157 1000 2295 nti-iiim.
1044 2231 1191 2309 ¹¹Quum

127 2315 349 2394 Thessalosin
369 2315 465 2384 menis
479 2338 546 2382 esse
565 2314 750 2382 nunciatum
771 2327 828 2393 est,
844 2315 1092 2401 Apolaustum
1106 2316 1193 2404 legs-

125 2408 195 2470 tum'
208 2401 255 2468 ed
269 2423 327 2468 eas.
337 2423 385 2468 res
406 2401 624 2488 adspiciendes
639 2401 935 2504 componendosque
956 2415 1081 2478 mustus
1094 2403 1191 2469 misit.
1244 2467 1248 2476 ,

128 2488 206 2568 Qui,
233 2487 399 2576 utriusque
420 2488 519 2574 partis
539 2485 734 2574 principibus
758 2487 927 2575 castigaus,
948 2509 1046 2575 quum
1075 2487 1196 2578 injusto

127 2573 254 2642 soenore
267 2589 432 2662 gravatum
447 2597 492 2640 res
512 2573 662 2652 alienum,
681 2572 757 2658 ipsis
772 2594 887 2658 magne
908 2595 947 2640 ex
969 2586 1059 2659 parte
1079 2595 1193 2640 conce·

128 2659 293 2742 dentibus,
320 2662 375 2746 qni
403 2673 583 2738 onerarent,
605 2659 745 2736 levasset,
762 2660 839 2746 justl
863 2659 974 2726 crediti
1002 2660 1191 2728 solutionem

129 2746 195 2812 l³in
218 2745 261 2789 *¹²
283 2769 439 2814 annorum
468 2747 635 2832 pensiones
655 2745 826 2811 distribuit.
871 2746 1099 2812 Pereumdem
1123 2749 1192 2834 Ap·

130 2833 218 2918 mum
236 2833 349 2900 eodem
373 2855 413 2898 ue
426 2834 523 2898 modo
534 2833 720 2914 compositor
733 2831 766 2896 in
784 2829 963 2898 Perrhaebia
976 2855 1036 2919 res.
1063 2833 1193 2903 AEtolc-

127 2941 199 2988 rum
214 2941 343 2988 eamme
351 2856 532 2984 tbllarcellus
546 2915 682 3003 Delphis
704 2939 763 3003 per
781 2917 867 2984 idem
889 2931 1014 3003 tempos
1027 2921 1195 2987 hostilibus

89 3007 92 3014 “
129 3017 215 3074 scias
245 3006 372 3082 animis,
397 3003 509 3092 ¹¹quas
544 3004 693 3070 intestino
724 3016 883 3090 genscum
910 3005 1005 3085 bello,
1033 3007 1197 3096 cognovit.
1247 3045 1250 3057 ·

131 3091 246 3171 Quum
271 3103 424 3157 certatum
449 3090 608 3177 utrimque
627 3091 802 3156 temeritate
815 3103 911 3176 atque
931 3092 1064 3158 audacis
1084 3115 1195 3160 cerne·

130 3190 190 3260 ret,
211 3177 346 3270 decreto
366 3175 495 3263 quidem
513 3197 576 3242 sno
598 3187 748 3242 neutram
777 3189 899 3262 partem
924 3191 979 3244 eut
1003 3178 1116 3258 lesere,
1138 3191 1196 3246 sut

228 3319 244 3349 θ
254 3316 308 3363 add.
320 3318 478 3366 essentGron.
492 3317 560 3366 eres.
646 3313 659 3352 d
670 3315 795 3364 asteriscus
806 3315 872 3364 abest
882 3329 898 3363 s
908 3315 981 3366 Grau
993 3322 1018 3364 et
1029 3319 1097 3366 (tres.

166 3427 392 3492 rosnssemuqu
408 3425 539 3494 preterea]
557 3429 650 3476 Herum
680 3428 730 3488 jsm
752 3434 861 3488 corrupte
882 3430 997 3492 legeretur
1018 3446 1094 3493 quase
1121 3431 1196 3494 sosip-
1309 3475 1312 3498 ,

133 3499 285 3542 externam
319 3496 416 3541 caedium
449 3495 650 3542 enumerationem
682 3494 830 3541 sissesntem
843 3494 935 3542 bivium
948 3497 1194 3558 qumiisteets'aoltel-

135 3558 207 3608 bobes
230 3559 296 3607 infru
311 3560 337 3606 in
357 3561 464 3608 oratione
486 3561 609 3617 Eumenis,
626 3571 650 3606 n.
682 3559 713 3604 lc.
745 3559 801 3606 Non
823 3560 885 3606 enim
908 3561 1069 3617 bellum-luit,
1085 3561 1126 3608 sed
1144 3563 1193 3608 isc·

137 3629 176 3674 13,
682 3623 775 3670 tionum
783 3624 863 3671 rabies.
873 3625 1036 3672 Gronovius.
1049 3625 1195 3687 *tustegsns

168 3696 195 3736 11
215 3691 260 3737 Ea
275 3684 429 3752 contagione]
452 3690 513 3752 Lege
524 3703 578 3736 cum
590 3688 651 3736 Gro·
682 3696 708 3734 et
720 3689 846 3736 obscurum
862 3689 1059 3742 sdditsnrentum.
1070 3693 1133 3750 quod
1145 3703 1195 3738 sns-

136 3755 220 3803 norio:
243 3757 267 3802 et
278 3755 426 3814 contagione.
683 3753 790 3814 'picamur
804 3760 910 3802 murum
927 3755 957 3802 sb
971 3756 1080 3816 imperite
1091 3756 1196 3807 librario,

171 3826 200 3870 12
220 3820 303 3875 Ossan
325 3819 446 3868 Thessales
463 3818 490 3869 tn
508 3819 583 3866 armis
604 3833 653 3866 esse
683 3818 714 3864 sd
735 3820 935 3878 interpretandum
957 3820 1087 3868 membrum
1109 3836 1194 3881 prmus·

136 3886 281 3932 marsus
296 3879 344 3947 est]
368 3884 433 3930 Idem
449 3888 653 3932 rectamonetse-
684 3883 742 3930 dens
758 3883 882 3930 hostilibus
897 3891 965 3932 aeres
980 3885 1074 3931 musis.
1107 3889 1196 3934 Seruus

187 3950 193 3962 ⁸
234 3965 248 3996 e
279 3962 318 3996 res
346 3949 653 4006 Quom....nosctasam
684 3953 733 3996 est:
750 3961 832 3996 esums
851 3961 881 3995 ec
898 3951 982 3996 srdors
995 3950 1101 3998 odiorum
1121 3957 1196 4009 smus,

199 4045 206 4058 .
685 4026 732 4072 quo
748 4012 768 4058 si
785 4021 834 4058 non
849 4013 975 4068 cives,sed
991 4015 1151 4064 hostes-inter
1171 4031 1202 4062 se

173 4084 203 4126 ta
220 4077 253 4125 Iss
269 4091 387 4126 ennomus
401 4075 536 4142 passiones]
553 4078 654 4125 Videtur
685 4077 837 4124 decederent.
869 4077 939 4126 Nihil
960 4079 1024 4126 ultra
1044 4079 1113 4139 adjici
1134 4095 1196 4142 opus

141 4141 287 4194 intercidisse
298 4157 545 4192 uumerussnnorum.
685 4147 733 4188 est:
751 4147 776 4188 et
787 4141 933 4190 sublstoillo
950 4145 1013 4204 quod
1030 4145 1097 4192 nobis
1114 4159 1196 4208 pssum

176 4212 204 4254 tt
224 4209 290 4265 Quas
312 4209 425 4258 intonso
442 4215 567 4270 gemm
586 4203 655 4269 belh]
685 4206 763 4266 placet
784 4206 953 4264 additamento,
975 4209 1068 4272 integro
1093 4215 1118 4260 et
1134 4211 1199 4259 olem

143 4270 260 4332 §reptasti
278 4275 335 4321 lieet
353 4271 379 4320 sl
398 4281 522 4336 gasaw
539 4271 655 4320 addidisse
686 4271 817 4319 coloratio.

145 4335 245 4397 aliquem
267 4339 402 4400 supplente
425 4339 558 4395 sententie.
582 4350 654 4397 quum
