3116 4986
332 205 399 266 268
742 203 989 266 EPITOMAE
1034 227 1037 235 ¹

733 468 977 572 CXXVIII.

377 667 474 744 Qum
486 667 555 732 Ser.
565 669 729 752 Pompeius
742 688 841 731 rursus
855 668 1028 731 latrociniis
1038 686 1121 730 mare
1129 667 1271 750 temetum
1279 667 1389 730 redde-

331 765 389 833 ret,
405 775 459 818 nec
477 775 591 836 pacem,
608 775 700 837 quam
720 762 887 836 acceperat,
894 757 1071 835 praestaret,
1089 752 1201 828 Caesar,
1218 754 1388 816 necessario

333 843 561 924 aduersuseum
582 840 659 903 bello
684 849 827 922 suscepto,
843 839 955 902 duobus
972 838 1130 902 navalibus
1148 837 1271 921 praeliis
1293 837 1388 900 dubio

238 923 241 938 ’
332 935 438 992 errentn
445 927 609 1010 pregnamt.
655 927 695 992 P.
712 925 881 1002 Ventidius,
896 926 1012 1008 legatus
1026 921 1077 986 M.
1092 924 1234 1000 Antonii,
1250 924 1388 988 Partbos

333 1014 367 1076 iu
383 1011 475 1097 Syria
485 1012 598 1093 praelio
612 1013 693 1088 uicit,
708 1031 863 1100 regemque
876 1032 976 1074 eorum
990 1011 1109 1073 occidit.
1151 1010 1257 1076 Judoei
1270 1031 1388 1093 quoquc

331 1121 354 1162 a
367 1099 477 1182 legatis
488 1099 619 1162 Antonii
627 1097 745 1163 siebodi
755 1106 835 1160 sunt.
878 1097 1038 1160 Praeterea
1052 1094 1125 1160 belli
1137 1096 1236 1160 Siculi
1247 1096 1388 1179 adpara-

320 1195 394 1248 'tum
409 1183 552 1248 eontinet.

724 1379 728 1384 '
760 1373 963 1456 CXXIX.

375 1569 527 1633 Aduersus
535 1569 790 1652 SemPompeium
801 1568 1390 1654 varioenentnnavolibusproelitspng·

332 1664 436 1719 natum
461 1663 524 1718 est:
558 1656 605 1718 ita
627 1664 662 1719 ut
685 1678 723 1719 ea
747 1655 861 1718 duabus
887 1655 1017 1720 Caesaris
1041 1654 1182 1718 classibus
1205 1657 1316 1728 altero,
1336 1657 1390 1719 eui

332 1740 476 1825 Agrippa
499 1751 647 1823 praeerat,
674 1743 820 1813 vinceret·
856 1743 966 1821 altera,
992 1761 1079 1825 quam
1112 1740 1216 1805 Censor
1243 1742 1385 1816 dannot,

332 1829 444 1906 deleta,
464 1828 596 1909 expositi
617 1829 782 1890 interram
804 1827 915 1890 milites
936 1829 969 1890 in
994 1846 1106 1910 magno
1125 1827 1261 1908 periendo
1281 1836 1387 1890 essent.

339 1913 441 1976 Victus
462 1914 572 1976 deinde
589 1913 749 1995 Pompeius
771 1915 804 1976 in
821 1911 959 1976 Siciliam
976 1911 1124 1996 prrgfirgit.
1169 1912 1220 1976 M.
1235 1913 1385 1995 Lepidus,

332 1999 386 2083 qui
400 2020 438 2061 en
452 1998 564 2084 Africa
580 1999 717 2062 velutad
729 2000 899 2062 societatem
913 1999 995 2074 belli,
1005 2009 1112 2061 contra
1128 1997 1197 2062 Sec.
1209 2000 1388 2080 Pompeium

331 2106 353 2147 a
370 2085 492 2149 Casore
501 2085 641 2168 gerendi,
656 2083 831 2168 trajecerat,
846 2106 933 2168 quun
955 2084 1062 2149 bellum
1078 2085 1196 2150 (laseri
1209 2105 1325 2168 quoque
1338 2085 1388 2147 in·

319 2170 437 2254 ferret,
447 2171 570 2234 relictus
579 2170 619 2233 ab
633 2171 774 2247 coercita,
785 2169 932 2254 abrogato
945 2171 1154 2249 triumviratus
1162 2171 1283 2246 horrore,
1294 2172 1389 2234 vitam

315 2291 317 2300 ν
334 2257 511 2359 inpetrauit.
534 2254 583 2320 M.
599 2257 743 2341 Agrippa
757 2259 864 2320 navali
878 2277 989 2320 corona
1003 2279 1024 2320 a
1040 2257 1162 2322 Cessare
1174 2258 1304 2340 donatees
1321 2265 1382 2329 est,-

333 2363 386 2426 que
400 2343 494 2407 bonas
508 2343 588 2408 nulli
600 2353 673 2406 ante
688 2363 751 2408 eum
765 2342 886 2406 babitus
901 2352 977 2406 erat.

708 2676 714 2686 ,
772 2568 949 2649 cxxx.

376 2762 426 2824 M.
440 2763 606 2837 Antonius,
622 2762 645 2802 ¹¹
656 2764 725 2826 dum
739 2784 802 2825 eum
821 2764 986 2847 Cleopatra
1008 2763 1194 2840 inauriatur,
1208 2763 1298 2826 tarde
1313 2761 1386 2825 Μεέ

332 2848 415 2910 dian
431 2850 590 2930 ingressus,
607 2847 715 2911 bellum
736 2869 799 2912 cerm
820 2850 987 2932 legionibus
1009 2849 1168 2912 octodecim
1190 2857 1220 2912 et
1238 2847 1386 2912 sexdecim

331 2933 464 2996 millibus
478 2935 608 3016 equitum
623 2935 755 2998 Parthis
774 2935 894 2998 intulit.-
921 2945 951 2998 et
972 2955 1070 3018 quum,
1085 2934 1200 2998 duabus
1222 2933 1388 3018 legionibus

330 3019 461 3100 amissis,
470 3021 557 3082 nulla
571 3041 606 3083 re
614 3041 761 3102 prospere
775 3021 905 3098 cedente,
921 3030 1003 3084 retro
1015 3022 1139 3097 rediret,
1156 3021 1304 3084 insecutus
1317 3019 1386 3083 sub·

329 3104 550 3182 indePartleis,
564 3115 594 3169 et
607 3107 731 3191 ingenti
739 3107 954 3188 trepidatione,
967 3116 996 3170 et
1010 3125 1120 3190 neugrio
1133 3107 1225 3170 totius
1239 3107 1388 3170 coercitus

323 3191 475 3272 periculo,
489 3193 522 3254 in
532 3189 709 3255 Armeniam
722 3209 858 3256 reuersus
872 3203 925 3270 est,
938 3192 1051 3278 uiginti
1061 3200 1091 3255 et
1101 3211 1161 3254 uno
1173 3191 1276 3256 diebus
1290 3190 1387 3254 1²tre-

329 3285 416 3341 centa
432 3278 629 3362 milliasuga
643 3299 784 3342 emensus
799 3279 882 3342 eirca
903 3289 970 3343 octo
982 3278 1084 3341 millia
1098 3279 1248 3342 bominum
1262 3287 1388 3360 tempes-

329 3362 445 3427 tatibus
457 3365 571 3428 amisit.
594 3373 783 3446 tempestates
804 3384 919 3448 quoque
933 3364 1073 3448 limenas,
1087 3384 1176 3446 super
1196 3373 1260 3428 tom
1281 3364 1389 3448 irmeli-

329 3449 407 3511 citer
427 3459 590 3532 asspectum
606 3451 785 3514 Parthicum
805 3449 913 3514 bellum
927 3453 1017 3534 eulpa
1031 3471 1087 3513 sun
1097 3471 1206 3531 passus
1227 3459 1290 3526 est,·
1312 3451 1388 3533 quin

330 3533 465 3614 liemare
478 3537 513 3598 in
527 3537 675 3599 Armenia
689 3535 820 3611 nolebat,
832 3538 901 3599 dune
916 3537 960 3599 od
975 3535 1316 3620 Cleopalrumfistinat.

755 3729 957 3858 cxxxi

371 3968 441 4033 Ser.
457 3970 630 4052 Pompeius,
647 3973 785 4054 quanin
800 3974 897 4056 fidem
912 3971 961 4035 M.
974 3973 1108 4056 Antonii
1129 3975 1254 4052 ueniret,
1278 3973 1388 4039 bellam

327 4053 472 4119 aduersus
484 4077 549 4119 enm
564 4057 598 4118 in
614 4054 693 4121 Asia
708 4055 840 4135 moliens,
858 4058 1012 4142 obpressus
1025 4081 1046 4120 a
1060 4061 1171 4142 legatis
1190 4058 1262 4144 meas,
1274 4061 1390 4125 occisus

360 4224 389 4272 11
407 4227 474 4273 Dum
491 4242 544 4274 cum
562 4229 686 4290 Cleopatra
708 4231 841 4277 lacunaro-
906 4229 935 4277 12
955 4230 1065 4278 Trecenta
1082 4229 1168 4294 mian]
1185 4233 1290 4288 &ntum
1306 4233 1390 4280 leucu

325 4288 633 4400 b'bolbbbbbbtsbmmvm
648 4295 796 4351 luxuriatae,
810 4309 841 4342 ex
873 4300 999 4342 nauales.
