3154 4984
491 192 585 252 LIB.
604 191 719 252 XLIV.
745 192 849 253 CAl‘.
870 193 970 254 XLII.
1206 195 1262 256 16³

189 355 331 442 primum
350 354 661 444 faga'Macedonum
683 368 731 420 est
751 363 833 421 orta.
877 357 998 422 ²⁹Nam
1012 359 1095 424 sicut
1108 358 1260 445 pleraque
1269 383 1298 430 u.
1310 381 1339 432 c.
1350 380 1407 431 aaa

189 465 274 508 nora
299 457 481 521 commenta
504 442 745 508 mortaliumiu
767 443 871 508 verbis
893 443 957 510 vim
982 445 1110 524 habent,
1125 445 1259 533 iiertpe-
1268 450 1298 495 Α·
1312 449 1340 498 0·
1353 448 1408 496 1⁰&

188 529 313 608 riendo,
338 549 439 616 quum
462 530 526 618 agi,
547 551 626 607 oon,
653 529 923 617 quemadmodum
948 545 1095 620 agantur,
1118 532 1258 612 edisseri,

188 629 327 702 oportet,
343 617 415 682 sine
432 615 633 688 ulloeffectu
655 631 864 694 evanescunt3
887 619 930 682 ita
951 631 1019 682 tum
1042 618 1203 705 elephanti
1224 620 1260 684 iu

188 701 424 768 scieflnomen
447 715 573 768 tantum
595 704 663 768 sine
679 725 736 768 usu
751 702 889 769 fuerunt.
935 704 1186 792 Elephantorum
1209 705 1259 770 in-

189 803 299 874 petum
324 791 485 856 subsecuti
505 801 581 855 sunt
600 791 678 855 socii
699 791 838 855 nominis
861 790 980 870 Latini,
1003 793 1259 880 pepuleruntque

188 876 308 941 laevum
323 899 436 943 cornu.
481 877 521 942 ln
545 877 651 942 medio
676 877 815 942 secunda
839 878 921 965 legio
946 879 1075 944 inmissa
1096 880 1394 965 dissipavitnagantur

189 963 394 1052 phalangem.
431 986 449 1028 a
494 987 533 1028 ue
570 963 636 1028 ulla
665 963 842 1030 evidentior
875 987 985 1029 caussa
1013 967 1156 1032 uictoriae
1185 966 1423 1044 fuigttmaones.

189 1073 286 1136 quam
311 1051 399 1138 quod
426 1073 480 1116 mu
494 1062 527 1115 ta
551 1051 669 1136 passim
691 1050 806 1134 proelia
827 1064 927 1130 erant,
951 1075 1024 1136 quae
1048 1055 1256 1138 fluctuantem

187 1139 360 1202 turbarunt
375 1139 490 1221 primo,
511 1137 628 1201 deinde
638 1137 831 1222 disjecerunt
843 1137 1053 1227 phalangem:
1076 1141 1166 1226 cujus
1180 1162 1258 1204 oon-

187 1223 278 1289 fertae
293 1237 324 1290 et
338 1226 466 1290 intentis
480 1225 641 1288 horrentis
655 1223 755 1289 hastis
769 1225 981 1290 intolerabiles
996 1227 1079 1292 vires
1092 1239 1174 1292 sunt
1222 1228 1259 1294 Si

188 1313 324 1397 carptim
351 1311 567 1399 adgrediendo
590 1311 805 1399 circumagere
817 1311 845 1352 ⁵²
854 1312 1036 1379 inmobilem
1057 1305 1278 1403 longitudine

189 1409 222 1463 et
250 1398 406 1484 gravitate
434 1397 558 1462 hastam
588 1420 693 1483 cogas,
716 1397 848 1462 confusa
874 1411 961 1464 strue
988 1400 1200 1486 inplicantur:
1233 1402 1259 1466 si

191 1505 268 1548 vero
282 1483 357 1549 aut‘
369 1485 410 1550 ab
425 1484 534 1565 latere,
549 1497 605 1548 aut
619 1484 665 1548 ab,
676 1495 767 1570 tergo
782 1485 903 1570 aliquid
918 1487 1072 1552 tumultus
1087 1488 1256 1573 increpuit,

190 1572 296 1635 ruinae
310 1573 407 1636 modo
419 1572 598 1637 turbantur.
613 1571 695 1636 sicut
704 1584 772 1635 tum
784 1571 933 1636 adversus
948 1575 1133 1640 catervatim
1151 1575 1259 1639 incur·

191 1671 297 1722 rentes
314 1659 487 1733 Romanos,
505 1671 537 1722 et
551 1658 729 1742 interrupta
746 1657 951 1724 multifariam
973 1661 1050 1738 acie,
1067 1661 1193 1726 obviam
1212 1663 1259 1725 ire

190 1745 390 1846 cogebantur
401 1771 420 1809 r
432 1759 463 1808 et
481 1745 630 1821 Romani,
647 1766 848 1831 quacumque
866 1745 943 1810 data
956 1747 1125 1813 intervalla
1144 1761 1258 1825 essent,

190 1832 395 1897 insinuabant
415 1832 541 1896 ordines
560 1853 644 1898 suos.
690 1831 767 1909 Qut,
784 1832 811 1894 si
828 1834 977 1897 universa
991 1834 1059 1898 acie
1074 1836 1110 1897 in'
1121 1832 1259 1899 frontem

188 1918 339 1983 adversus
349 1919 537 1982 instructam
548 1916 737 2006 phalangem
753 1919 998 1998 concurrissent,
1009 1920 1095 2008 quod
1108 1920 1259 2008 Pelignis,

188 2006 349 2091 priucipio
367 2028 490 2092 pugnae
507 2005 634 2069 incaute
652 2006 829 2092 congressis
847 2007 995 2072 adversus
1015 2020 1173 2085 coetratoa
1190 2031 1260 2072 eve·

190 2094 249 2172 nit,
265 2092 442 2157 induissent
456 2115 489 2156 se
503 2092 611 2169 hastis,
628 2113 686 2156 nec
701 2091 875 2157 confertam
891 2094 991 2160 aciem
1004 2095 1236 2160 sustinuissent.

235 2178 351 2244 XLII.
376 2181 527 2244 Ceterum
542 2179 623 2242 sicut
637 2178 779 2263 peditum
795 2179 910 2264 passIm
926 2180 1031 2245 caedes
1047 2182 1176 2258 fiebant,
1198 2180 1260 2244 nisi

190 2265 245 2352 qui
272 2265 402 2353 abjectis
428 2266 524 2330 armis
550 2265 718 2350 fugerunt3
753 2266 800 2328 sic
824 2266 983 2351 equitatus
1009 2288 1110 2353 prope
1135 2268 1259 2354 integer
1267 2281 1397 2342 equinam

190 2373 301 2440 pugna
336 2354 478 2418 excessit
521 2351 693 2437 ¹Princeps
721 2350 807 2438 fugae
840 2374 899 2416 rex
930 2353 1001 2437 ipse
1030 2366 1108 2417 erat.
1141 2354 1208 2437 jain
1238 2347 1407 2424 ,integerru-

193 2439 309 2526 Pydna
330 2439 438 2505 8³cum
461 2438 557 2504 sacris
582 2438 640 2503 slis
663 2438 807 2524 equitum
832 2437 954 2504 Pellam
976 2439 1123 2523 petebat:
1146 2417 1311 2504 “coo-⁸¹³*

189 2525 292 2591 festim
310 2526 468 2592 Costocus
479 2525 671 2611 sequebatur
683 2525 946 2612 Odrysarumque
960 2525 1129 2610 equitatus.
1145 2539 1261 2592 ceterae

190 2635 318 2700 quoque
341 2612 560 2679 Macedonum
585 2611 644 2676 alae
667 2612 800 2699 integris
824 2611 957 2677 abibant
977 2611 1163 2689 ordinibus3
1187 2615 1262 2698 quia

151 2693 155 2702 ’
189 2700 352 2785 interjecta
374 2701 517 2786 peditum
549 2699 642 2775 acies,
666 2700 754 2785 cujus
783 2698 886 2763 caedes
911 2699 1047 2764 victores
1076 2700 1228 2766 tenebant
1239 2714 1261 2780 τ,

434 2833 497 2888 farn
508 2840 555 2888 del.
568 2841 645 2888 Gran.
655 2839 724 2888 Crev-
832 2843 845 2884 t
856 2841 943 2888 terrebat
955 2841 1026 2890 Cres.

222 2959 255 3006 29
271 2957 342 3007 Nam
352 2957 412 3004 sicut
418 2954 541 3022 pleraque]
554 2955 588 3001 Ut
597 2955 712 3016 pleraque
743 2956 880 3020 legebatur
889 2957 916 3002 in
926 2955 1175 3018 exemplarijiserant·
1208 2957 1266 3003 Mu-

190 3037 254 3072 uova
275 3025 376 3070 inventa
395 3021 538 3067 mortalium
555 3021 604 3066 visu
623 3019 712 3066 habere
745 3022 808 3067 tavit
826 3020 953 3082 Sigonius:
974 3027 1058 3068 utrum
1074 3028 1149 3076 recte,
1161 3035 1191 3066 an
1210 3036 1266 3082 per-

189 3089 312 3143 videntur,
323 3085 441 3148 quamdiu
449 3085 528 3131 verbis
539 3085 713 3132 tantummodo
743 3099 837 3145 peram,
850 3098 898 3130 non
918 3086 1081 3140 decernimus,
1099 3099 1176 3145 quum
1198 3093 1265 3135 totus

185 3150 328 3216 jactanturg
352 3153 396 3199 sed
414 3151 456 3196 ubi
476 3151 508 3196 ad
529 3162 583 3198 rem
598 3154 725 3206 rentum,
744 3150 911 3206 merserant
923 3150 1067 3196 dirimusin
1079 3156 1130 3197 not.
1142 3151 1181 3198 29.
1193 3154 1265 3199 nobis

188 3231 267 3282 quum
278 3223 373 3280 opertet
384 3216 433 3280 agi,
446 3228 494 3260 non
515 3214 615 3260 edIsseri
630 3212 709 3259 solum
743 3215 856 3261 videatur
866 3213 960 3260 alienus
972 3215 1002 3260 ab
1014 3228 1042 3260 ea
1058 3215 1084 3259 in
1095 3228 1171 3274 quam
1188 3218 1264 3264 insar-

188 3285 311 3344 quomodo
319 3283 349 3329 iis
360 3279 467 3327 inventis
478 3284 587 3332 utamur,
598 3277 651 3324 sine
660 3275 711 3323 ullo
743 3291 784 3326 tus
795 3284 832 3323 est
840 3277 986 3324 narratione.

190 3349 280 3396 effectu
291 3350 439 3394 evanescunt
451 3374 458 3389 .
470 3375 477 3388 .
490 3376 498 3390 .
509 3373 516 3388 .
528 3341 643 3388 Ceterum
659 3346 712 3387 tota
775 3343 807 3391 32
823 3341 970 3388 Immabitrm
985 3375 991 3386 .
1005 3374 1031 3390 ..
1051 3375 1058 3389 .
1073 3341 1177 3406 hastam]
1201 3345 1267 3392 Has-

188 3413 243 3461 haec
259 3413 374 3474 periodus
388 3410 447 3470 qnid
465 3408 511 3456 sibi
521 3407 581 3455 velit
591 3409 638 3454 hoc
648 3407 712 3464 loco,
744 3414 805 3461 tam,
818 3420 874 3466 quae
885 3409 917 3454 ob
933 3407 1113 3468 longitudinem
1124 3413 1149 3454 et
1160 3410 1266 3470 gravitr.

188 3477 405 3540 parumvidemus.
433 3474 588 3532 Numaeque
599 3471 713 3530 elephan-
745 3478 796 3519 tem
818 3472 889 3518 facile
905 3473 999 3523 moveri
1019 3472 1111 3534 nequit.
1146 3474 1200 3520 Hoc
1211 3474 1266 3522 ideo

188 3539 272 3590 torum
293 3554 353 3588 usus
374 3539 400 3586 in
422 3538 514 3598 preliis
538 3550 631 3584 novum
653 3541 712 3582 tunc
745 3544 869 3591 notamus,
894 3537 952 3597 quia
973 3529 1109 3584 Gronovius
1134 3533 1265 3598 legendum

189 3614 359 3654 commentum
386 3603 528 3650 mortalium
548 3601 632 3648 haberi
658 3606 713 3660 pot·
745 3615 798 3649 esse
816 3607 899 3650 censa
921 3601 1007 3656 mnas,
1030 3609 1060 3648 ut
1080 3599 1107 3648 ei
1127 3602 1266 3650 inerrabilem

190 3679 257 3720 erat:
276 3685 321 3718 nee
343 3670 458 3716 videntur
477 3679 567 3716 nomen
590 3667 643 3714 sine
665 3676 713 3715 usu
744 3669 865 3718 serenan
885 3667 917 3714 ad
934 3663 1108 3729 phalangem'
1132 3666 1185 3714 Nos
1203 3667 1266 3714 nihil

190 3736 302 3784 fuissein
315 3737 462 3794 hacpugns.
496 3731 712 3778 lmocontrarium
745 3739 881 3781 mutamus.
1033 3749 1036 3756 ¹

191 3801 250 3848 satis
271 3801 393 3848 indicatur
419 3796 530 3857 proxime
555 3795 713 3858 sequentibuq
777 3797 811 3845 33
828 3795 890 3844 Cam
898 3796 978 3843 Same
988 3796 1045 3861 atis]
1059 3795 1267 3846 Vid.not.28.ad

194 3866 289 3913 verbise
306 3863 492 3925 Elephantcnsm
510 3857 622 3920 imprium
638 3859 712 3906 saiss-
744 3863 762 3909 l.
775 3862 860 3908 Xlrll.
871 3875 892 3908 c.
904 3861 943 3908 66.
956 3873 1035 3922 supra.

192 3932 242 3979 csts'
261 3925 316 3978 nant
334 3930 391 3976 socii
410 3926 512 3974 nominis
531 3922 623 3975 mni.
656 3923 714 3970 Non
778 3927 812 3974 84
830 3926 958 3987 Confestim
985 3927 1094 3974 Cortona
1121 3925 1267 3992 sequebatur]

191 3995 332 4056 agrenobis
337 3991 479 4055 persuaderi
495 3994 636 4050 pateremur
644 3990 714 4037 illam
747 3990 871 4040 Emendat
881 3993 933 4038 Jac.
945 3990 1090 4046 Gronovius,
1102 3993 1220 4055 confinita
1231 4008 1268 4042 ecs

190 4062 320 4121 periodum
336 4073 367 4105 ex
386 4059 433 4104 alio
453 4056 534 4114 aliquo
551 4053 603 4098 loco
619 4056 714 4100 hucte·
749 4055 970 4116 Cotqssequebntnr.
1004 4051 1115 4103 Firmant
1130 4059 1194 4105 hanc
1210 4072 1268 4105 con·

190 4139 258 4172 mere
269 4125 430 4184 immigrasse.
464 4120 534 4166 Certe
542 4118 624 4164 sieam
636 4119 716 4175 tollas,
744 4116 936 4181 jacturamque.
953 4126 1097 4180 sequuntur,
1112 4123 1269 4183 Odrysarum.

188 4191 253 4239 nihil
266 4189 419 4236 desiderabis.
748 4199 791 4244 que
806 4186 930 4245 equitatus.
965 4184 1031 4230 Nam
1047 4184 1121 4248 Cotys
1136 4189 1268 4249 redery-

224 4255 258 4302 30
274 4251 435 4314 Experlrndo]
462 4250 553 4297 Unicus
574 4250 650 4296 codex
672 4249 716 4293 ha·
748 4249 1068 4307 sarumfuit,utconstatex
1077 4265 1100 4302 c.
1109 4251 1268 4301 51.1.XL11.

192 4317 371 4380 miseseranda
402 4317 550 4363 Emendavit
561 4315 699 4360 Turnebus.
748 4325 830 4374 supra.
864 4314 867 4321 ’

225 4383 256 4431 31
276 4383 372 4430 Nomen
382 4385 474 4430 tamna
484 4383 534 4428 rr'rse
544 4395 587 4427 asu
598 4377 714 4442 facesset]

770 4453 835 4508 Μῖ
