3120 4984
441 188 532 246 tle.
560 187 677 284 XLlll.
703 189 802 274 ChP.
829 191 914 250 xxt.
1167 202 1224 256 115

191 353 271 420 XX.
297 353 358 436 Hi,
379 363 467 438 trans
490 351 567 436 ressi
583 353 708 442 jugum,
723 353 837 442 Scordi
868 355 994 442 montis,
1020 378 1078 444 per
1099 357 1141 425 lll
1164 357 1297 442 riciue.
1310 381 1367 442 aaa

141 441 343 520 solitudines,
367 462 444 526 quas
465 375 507 524 de
533 439 689 524 industria
710 442 897 528 populando
921 437 1117 510 Macedones
1138 379 1298 512 iere-M
1312 436 1384 510 ἥθ’-’Ἀ

141 542 227 608 rant,
252 551 300 608 ne,
315 529 463 610 transitus
485 525 591 610 faciles
607 527 767 592 Dardanis
788 528 820 591 in
844 528 1008 614 Illyricum
1030 545 1084 597 aut
1107 527 1219 600 Mace·

141 616 275 696 doniam¹
292 628 405 696 essent,
423 615 576 680 Scodram
592 613 701 679 labore
715 610 837 700 ingenti
849 609 980 680 ¹tandem
996 633 1218 702 pervenerunt.

141 701 229 768 Lissi
245 726 302 768 rex
321 701 459 766 Gentius
481 712 557 764 erat.
580 723 618 764 eo
633 700 730 764 adciti
751 701 859 788 legati,
882 704 1033 769 mandata
1055 726 1333 791 exponen-oenum

140 795 202 870 tes,
226 789 364 878 benigue
386 788 486 853 auditi
508 800 597 870 sunt:
621 787 678 874 qui
699 809 886 871 responsum
908 791 976 854 sine
1000 789 1115 857 effectu
1138 791 1218 859 tule'·
1227 793 1356 869 pecaniam

139 892 238 942 runt:
266 877 456 952 Voluntatem
466 873 524 939 sibi
537 895 597 938 non
611 875 712 938 messe
726 877 768 939 ad
778 874 949 938 bellandum
964 899 1030 940 cnm
1045 879 1197 944 Rornams
1206 909 1216 942 .·
1226 866 1311 916 lm

140 975 272 1043 ceteram
287 965 331 1026 od
344 963 516 1027 conandum
530 962 573 1037 id,
588 963 667 1046 quod
681 960 762 1038 velit,
775 962 933 1044 pecuniam
954 957 1084 1028 murinae
1105 968 1216 1031 deesse.

141 1052 232 1130 Haec
249 1048 417 1126 Stuberram
434 1046 570 1112 retulere
592 1047 671 1147 regi,
686 1061 755 1130 tum
780 1048 918 1113 mamma
931 1045 1074 1132 captivos
1085 1073 1122 1116 ex
1139 1051 1218 1140 Illy·

137 1140 211 1216 rien
234 1136 395 1218 vendenti.
441 1133 614 1218 Extemplo
634 1133 729 1199 ridem
751 1133 858 1221 legati,
881 1129 1151 1203 addiieGlaucia
1174 1160 1217 1204 ex

133 1231 278 1292 'numero
299 1223 469 1289 custodum
491 1219 645 1308 corporis,
669 1221 872 1286 remittuntur
893 1223 960 1286 sine
982 1224 1142 1300 mentione
1161 1246 1216 1310 pe·

121 1314 258 1390 summ,
274 1333 338 1398 qua
363 1333 425 1374 una
445 1307 601 1392 barbarus
621 1308 714 1396 inops
748 1305 856 1390 inpelli
877 1309 917 1372 ad
939 1304 1058 1374 bellum
1074 1307 1215 1396 'poterat

140 1405 308 1485 Aneyram
331 1398 405 1461 inde
427 1394 596 1482 populatus
620 1395 761 1471 Perseus,
777 1395 811 1458 in
838 1394 986 1460 Penestas
1008 1419 1132 1462 rursum
1160 1389 1217 1463 ex*-

137 1488 276 1554 ercitum
300 1483 439 1548 reducit:
461 1481 656 1566 firmatisque
672 1481 820 1558 Uscanae,
837 1495 869 1545 et
891 1482 1057 1548 circaeam
1073 1489 1216 1569 perom-

138 1571 347 1675 rriaucastella,
371 1593 444 1659 quas
467 1579 639 1654 receperat,
657 1567 825 1658 praesidiis,
842 1567 874 1631 in
900 1567 1125 1637 Macedoniam
1148 1571 1214 1636 sese

137 1683 204 1728 rect
229 1676 263 1724 rt.

184 1683 282 1812 Xle.
307 1745 347 1811 L.
371 1744 502 1821 Coelius,
523 1743 647 1830 legatus
680 1741 856 1819 Romanus,
872 1759 1024 1828 praeerat
1061 1743 1207 1832 Illyrico:
1219 1771 1378 1834 namtas

137 1835 205 1924 qui,
222 1833 343 1898 moveri
354 1854 416 1898 non
429 1853 535 1908 ausus,
545 1851 643 1916 quum
655 1828 687 1912 in
700 1827 738 1892 iis
750 1826 828 1892 locis
837 1852 892 1894 rex
903 1844 992 1908 esset,
1004 1844 1076 1917 post
1086 1832 1211 1917 profes·
1220 1837 1292 1884 nom.
1303 1839 1330 1884 in
1343 1837 1377 1886 11·

138 1925 258 1996 tionem
269 1920 399 1985 demum
422 1919 488 2002 ejus
509 1930 643 1981 conatus
657 1915 693 1978 in
714 1913 859 1982 Penestis
883 1915 1042 1982 Uscanam
1059 1920 1210 2004 recipere,
1219 1903 1302 1964 ΨΜ

128 2033 159 2076 ‚a
180 2007 342 2096 praesidio,
358 2005 445 2093 quod
467 2005 513 2086 ibi
536 2000 752 2068 Macedonum
768 2016 845 2079 erat,
862 2003 937 2068 cum‘
950 2003 1058 2071 multis
1073 2005 1211 2072 vulneri-

137 2097 197 2163 bus
219 2094 375 2182 repulsus‚
403 2089 606 2178 Lychnidum
630 2088 737 2174 copias
759 2089 894 2155 reduxit.
939 2090 1022 2157 Inde
1042 2106 1115 2177 post
1145 2094 1212 2158 dies

138 2205 256 2266 paucos
280 2180 330 2246 M.
348 2178 546 2244 Trebellium
564 2173 786 2262 Fregellanum
801 2198 874 2241 cum
889 2177 965 2242 satis
987 2179 1092 2244 valida
1114 2201 1211 2245 manu

139 2273 172 2348 in
193 2270 341 2334 Penestas
356 2267 441 2331 misit
460 2264 500 2329 ad
524 2261 648 2328 obsides
662 2261 703 2324 eb
725 2261 774 2325 his
798 2263 940 2338 urbibus
956 2286 1030 2350 quar
1052 2265 1085 2328 in
1101 2266 1211 2331 amici·

136 2358 181 2424 tia
203 2379 276 2424 cum
299 2354 364 2420 fide
386 2360 636 2438 permanserant,
666 2347 878 2432 accipiendos.
924 2346 1101 2416 Procedere
1115 2352 1210 2416 etiam

136 2446 168 2510 in
183 2442 356 2520 Parthinos
372 2441 407 2526 (ii
422 2459 550 2524 quoque
564 2433 690 2500 obsides
712 2433 790 2498 dare
811 2458 851 2522 pe
875 2436 1012 2524 igerant)
1030 2436 1145 2524 jussit:
1169 2438 1212 2503 ab

137 2546 271 2618 utraque
300 2541 395 2617 gente
417 2525 514 2590 ¹¹sine
535 2520 674 2588 tumultu
705 2521 755 2586 exi
782 2522 801 2584 i.
848 2458 1053 2588 Penestarum
1084 2524 1211 2590 obsides

136 2619 353 2706 Apolloniam,
366 2613 592 2696 Parthinorum
603 2544 852 2696 ¹²Dyrrachium
864 2616 944 2694 (tum
956 2603 1130 2694 Epidamni
1142 2633 1212 2678 ma·

133 2708 183 2794 gis
206 2704 331 2782 celebre
352 2723 470 2766 nomen
491 2697 615 2784 Graecis
637 2695 718 2777 erat)
740 2694 838 2762 missi.
885 2700 948 2785 Ap.
966 2696 1132 2778 Claudius,
1154 2722 1208 2766 ac·

134 2805 259 2879 ceptam
271 2793 304 2856 in
318 2789 450 2875 Illyrico
464 2783 672 2876 ignominiam
687 2782 847 2870 corrigere
866 2785 1007 2871 cupiens,
1030 2783 1209 2853 Phanotam

136 2881 227 2964 Epiri
248 2877 413 2944 castellum
436 2873 566 2939 adortus
588 2871 785 2958 obpugnare,
801 2884 833 2936 et
847 2871 969 2939 auxilia
990 2872 1208 2940 Athamanum

133 2967 465 3052 Thesprotorumque,
477 2971 596 3046 praeter
614 2955 796 3022 Romanum
809 2959 994 3040 exercitum,
1010 2959 1051 3024 ad
1066 2983 1124 3026 sex
1137 2961 1209 3026 mil-

133 3051 354 3132 liahominum
378 3069 484 3114 secum
508 3042 660 3110 adduxit:
693 3065 796 3130 neque
825 3066 932 3131 operae
958 3048 1095 3131 pretium
1121 3046 1206 3129 fecit,

134 3141 244 3220 Cleua,
260 3139 315 3226 qui
337 3137 466 3202 relictus
488 3156 508 3196 a
532 3132 649 3195 Perseo
663 3144 741 3208 erat,
764 3152 838 3194 cum
861 3131 966 3196 valido
980 3133 1131 3216 praesidio
1152 3135 1208 3202 de-
1316 3127 1317 3134 ἵ

131 3227 293 3302 fendente.
339 3224 383 3288 Et
406 3224 545 3297 Perseus,
569 3217 632 3282 ¹³in
665 3213 824 3284 Elimeam
858 3217 1026 3301 profectus,
1063 3233 1096 3284 et
1124 3222 1207 3289 circa

127 3337 202 3388 ‚eam
233 3311 376 3390 exercitu
397 3309 540 3384 lustrato,
556 3304 582 3343 ¹⁴
590 3301 630 3369 ad
655 3303 809 3380 Stratum,
841 3305 1028 3372 vocantibus
1054 3305 1204 3393 Epirotis,
1215 3342 1360 3392 Perseum

128 3402 228 3468 ducit.
275 3403 399 3466 Stratus
419 3392 610 3460 validissima
625 3403 693 3478 tum
718 3389 793 3482 urbs
816 3389 948 3458 AEtoliae
970 3406 1047 3460 erat.
1070 3393 1129 3460 sita
1157 3405 1362 3461 eststranunn.

165 3640 195 3690 ll
212 3640 272 3687 Sine
283 3636 386 3685 tamrdtu
397 3633 475 3698 erigi]
499 3632 581 3680 Placet
592 3643 650 3677 con·
682 3630 755 3690 glane
774 3633 833 3678 urbs
852 3637 889 3678 est
911 3630 1008 3690 Elyma,
1021 3631 1072 3676 slve
1085 3629 1206 3692 Elymaea.

126 3704 225 3769 jactura
236 3701 362 3760 Gronovil,
371 3700 464 3747 exacta·
684 3693 770 3757 ltaque
780 3697 911 3756 legendum
923 3700 960 3742 est
971 3695 1023 3741 sine
1034 3696 1204 3754 praepositione

163 3771 195 3820 12
212 3767 377 3830 Dyrracllum
416 3764 477 3828 (turn
522 3759 652 3822 Epidamni
683 3760 817 3822 Elymoeam
825 3759 952 3823 prosedas,
973 3760 1011 3806 vel
1026 3758 1057 3806 od
1071 3759 1204 3820 Elymrram
1292 3809 1295 3815 Α

130 3838 210 3898 magle
226 3834 309 3884 celeln
328 3832 421 3895 nomen]
442 3828 541 3891 Duplici
553 3824 652 3873 nomine
679 3826 809 3888 profectas.

130 3903 192 3948 urba
207 3901 250 3947 illa
270 3896 432 3960 Dyrrachium
451 3901 476 3942 et
502 3891 650 3956 Epidanmur
716 3888 748 3937 14
764 3890 804 3937 Ad
814 3889 921 3936 Stratum
937 3889 1202 3955 vocantllucli'pr'rotlr]

129 3967 271 4016 remeatur.
304 3961 387 4020 Magis
407 3960 500 4008 celebre
522 3964 577 4004 tum
598 3958 650 4000 erat
683 3953 829 4015 Exlisquae
848 3961 992 4015 sequuntur,
1009 3954 1105 4001 videtur
1120 3956 1204 4016 legen.

129 4031 196 4091 apud
207 4031 306 4078 Graecos
314 4026 445 4088 Epidamni
456 4037 553 4074 nomen.
682 4021 743 4068 dum
765 4033 817 4066 esse
840 4021 921 4079 potius
944 4020 1042 4066 AEtclr'r.
1087 4018 1203 4080 Namque

118 4147 122 4154 .
164 4093 196 4144 13
211 4093 244 4142 In
264 4093 396 4154 Elpmaeam
409 4089 537 4154 profectur,
556 4088 650 4134 cleirac
684 4083 779 4130 Stratus
791 4087 848 4130 urbs
867 4085 1024 4132 AEtolr'oeestr
1044 4084 1204 4146 traditurper

130 4175 181 4208 cam
198 4159 301 4206 eaercllu
318 4155 429 4220 lustrato]
447 4155 517 4210 Quod
535 4153 575 4200 hic
591 4151 650 4200 dlci·
682 4150 859 4198 Archidamum
886 4150 1021 4210 principem
1050 4149 1201 4198 AEtanmne

128 4224 169 4272 tur
178 4225 208 4272 de
217 4223 325 4271 exercitu
340 4213 403 4270 circa
414 4221 550 4284 Elymaeam
562 4219 649 4268 lustra·
682 4216 787 4274 denique
805 4227 849 4260 rex
865 4215 907 4264 ubl
924 4215 955 4262 ad
966 4214 1075 4262 Stratum
1092 4216 1203 4270 accessit,

120 4285 155 4335 ‘to
173 4289 263 4334 niellus
279 4287 418 4335 conveniret
442 4287 505 4344 urbi,
521 4297 595 4346 quam
613 4295 650 4332 re·
683 4279 1034 4340 exspectatelllrsosomnlbus
1048 4281 1202 4340 portlsAEta.

128 4353 202 4416 gleni.
238 4351 271 4421 111Ι
293 4366 377 4400 revera
396 4351 421 4399 ln
445 4349 593 4414 Elymldtlde
613 4361 651 4395 re·
683 4345 751 4392 losln
766 4344 838 4390 fidem
855 4357 924 4395 suam
937 4351 1061 4396 venturos.

736 4433 788 4490 12
