3056 4976
344 184 424 244 onii
713 177 716 184 ’
760 181 992 244 .EL‘OGlA
1088 277 1091 290 κ

741 349 832 414 Idea
844 348 970 431 epistola
984 355 1038 416 te.
1144 393 1147 399 ι

391 435 527 500 Ulrhm
550 444 760 520 tunm7tprem
783 433 863 500 mihi
885 436 1084 520 promiseram
1100 439 1218 525 accepi,
1234 450 1268 504 et
1285 451 1423 526 nuquam

347 522 486 586 lecturus
508 541 550 604 ex
570 521 750 600 commodo,
770 521 933 612 adaperui,
948 543 987 586 ae
1008 535 1135 590 wem
1154 525 1318 614 degustare
1337 526 1423 590 volni.

348 607 476 673 Deinde
490 608 651 673 blanditus
665 619 712 672 est
727 609 805 692 ipse,
816 622 852 672 ut
867 608 1071 694 procederem
1088 610 1222 698 largius.
1259 611 1325 688 Qui
1338 634 1426 698 qoam

347 694 481 760 disertus
503 695 607 773 fuerit,
623 716 664 760 ex
688 694 754 760 hoe
771 694 929 781 intelligas
949 695 1042 761 lieet:
1064 696 1168 764 brevis
1189 697 1267 762 mihi
1283 699 1363 762 visus
1376 711 1424 775 est,

371 801 445 846 oum
461 793 541 846 essm
554 803 614 846 neo
629 780 690 846 mei
700 801 761 846 neo
772 783 817 845 tui
829 782 986 866 corporis,
995 783 1047 848 aed
1061 785 1116 870 qni
1126 786 1230 870 primo
1244 797 1368 873 aspectu
1378 795 1426 848 aut

380 867 503 948 ‚Livii
517 881 576 933 aot
588 867 722 951 Epicuri
736 881 841 953 posset
855 868 969 934 videri.

534 944 664 1020 -Febt'ns
681 954 818 1030 Quian.
831 956 929 1020 titel.
943 956 1051 1021 Instit.
1068 957 1159 1023 Orat.
1174 981 1202 1024 o.
1217 967 1246 1022 5.

392 1041 493 1107 Pollio
507 1040 716 1127 deprehendit
729 1041 762 1104 io
778 1041 870 1106 Livio
886 1041 1141 1110 Patavinitatem.

689 1129 774 1192 Idem
788 1127 843 1191 lib.
861 1128 955 1192 VIII.
970 1151 1039 1213 cup.
1058 1139 1084 1194 l.

391 1214 500 1278 Attica
513 1236 592 1280 anns
606 1213 876 1300 Theophrastum,
886 1212 1047 1280 hominem
1060 1215 1177 1302 alioqui
1193 1214 1425 1290 disertissimum,

346 1314 498 1366 annotata
509 1301 604 1365 unius
615 1299 814 1364 affectatione
824 1299 923 1380 verbi,
936 1301 1091 1387 hospitem
1103 1303 1203 1366 dixit:
1221 1323 1280 1366 nec
1291 1300 1351 1364 alio
1360 1322 1390 1363 se
1399 1298 1426 1362 id

346 1387 589 1474 deprehendisse
600 1387 793 1474 interrogata
804 1386 982 1470 respondit,
991 1409 1084 1474 quam
1093 1389 1177 1476 quod
1189 1387 1320 1452 nimium
1332 1387 1427 1455 Attice

346 1475 542 1560 loqueretur.
580 1472 624 1540 Et
637 1473 671 1537 in
687 1472 727 1537 T.
741 1472 845 1550 Livio,
860 1473 952 1538 mirae
966 1472 1124 1540 facundiae
1138 1476 1218 1553 viro,
1234 1488 1325 1561 putat
1338 1473 1428 1536 inesse

348 1561 452 1627 Pollio
468 1559 597 1626 Asinius
610 1559 781 1647 qnamdam
801 1559 1054 1626 Patavinitatem.

751 1646 821 1710 Lib.
840 1647 900 1716 IX.
915 1669 985 1730 cop.
1000 1657 1031 1712 2.

387 1731 484 1818 Apud
498 1731 680 1798 Historiccs
690 1731 891 1818 reperiuntur
900 1731 1040 1820 obliquae
1053 1732 1278 1798 allocutiones:
1303 1745 1337 1798 nt
1350 1731 1380 1797 in
1390 1729 1425 1794 Τ.

347 1819 433 1884 Livii
454 1820 563 1907 primo
580 1820 688 1886 statim
707 1819 801 1898 libro,
825 1819 923 1884 Urna
942 1841 1070 1906 quoqne,
1089 1831 1125 1885 nt
1145 1831 1255 1914 cetero,
1279 1843 1318 1884 en
1337 1818 1426 1900 influo

346 1929 442 1973 naso.

753 1991 908 2058 Mulxs
921 2013 991 2077 cap·
1006 2001 1038 2060 41·
1142 2029 1145 2036 ’

389 2079 430 2145 Τ.
447 2079 559 2144 Livius
571 2078 750 2144 hexametri
763 2079 899 2144 exordio
912 2079 1028 2165 eoepit:
1051 2079 1243 2144 Focntnesite
1256 2098 1354 2164 opero
1361 2097 1425 2162 pre·

347 2167 418 2232 mn
437 2189 533 2318 pm.
557 2166 640 2232 Nam
663 2165 708 2230 ita
729 2165 848 2230 edidit:
878 2177 989 2254 estqae
1009 2164 1123 2230 melius
1152 2187 1254 2252 quam
1280 2161 1428 2253 quomodo

346 2274 436 2318 emen
461 2265 543 2322 atur.

698 2337 773 2404 Lib.
788 2337 836 2403 Η.
852 2339 956 2404 Instit.
969 2359 1038 2422 cap.
1053 2347 1084 2402 t.
1139 2383 1141 2394 .

391 2427 489 2512 Saepe
499 2426 594 2490 etiam
610 2425 711 2512 quari
725 2425 814 2502 solet,
825 2425 869 2490 de
886 2437 1042 2510 tempore,
1057 2423 1196 2502 deloco,
1209 2447 1276 2512 quo
1327 2434 1374 2485 sta
1386 2437 1425 2482 res

346 2512 475 2590 detur,
487 2533 718 2598 nonnunquam
730 2511 771 2576 de
781 2533 917 2595 persona
925 2533 1068 2599 quoque:
1084 2510 1287 2577 sioutLivius
1307 2526 1426 2594 requen-

346 2600 464 2666 tiasime
478 2598 613 2675 dubitat,
628 2595 728 2663 etalii
742 2598 783 2662 ab
797 2597 867 2661 aliis
880 2596 1022 2664 historici
1036 2597 1240 2664 dissentiunt.

593 2735 596 2742 .
618 2735 620 2742 .
762 2685 833 2748 Lib.
847 2685 896 2748 II.
910 2706 979 2768 cop.
995 2693 1027 2750 θ’.
1240 2739 1245 2742 ,

390 2771 463 2856 Ego
477 2771 616 2857 optimos
629 2769 769 2855 quidem,
785 2782 817 2834 et
830 2770 946 2847 statim,
961 2784 994 2835 et
1014 2791 1137 2858 semper
1153 2769 1230 2858 (legi
1245 2766 1425 2854 scriptores)

345 2857 401 2924 sed
416 2871 526 2923 tauren-
536 2877 645 2922 eorum
659 2855 916 2921 candidissimum
932 2878 1103 2944 quemque,
1115 2869 1147 2922 et
1160 2858 1301 2922 maxime
1314 2849 1428 2939 exponi·
1501 2921 1502 2924 ,

346 2943 549 3024 temedium
568 2954 604 3008 ut
615 2942 744 3010 livium
756 2965 775 3006 a
784 2943 1005 3038 pnerismagis
1016 2965 1112 3030 quam
1123 2943 1310 3009 Sallustium
1321 2965 1334 3006 ι
1345 2937 1430 3005 ethio

344 3031 486 3096 historiae
498 3029 624 3116 majoris
636 3042 684 3095 est
694 3043 807 3094 auctor
815 3053 828 3093 ε.
845 3031 883 3094 ad
916 3051 990 3094 uem
1002 3043 1107 3096 umeri
1120 3028 1361 3118 intelligendum
1369 3026 1428 3112 jam

345 3116 488 3204 profectu
501 3138 580 3200 opus
591 3117 640 3181 iit.
674 3117 799 3194 Cicero,
810 3131 847 3181 ut
859 3117 899 3179 ιη’
926 3116 1076 3207 iquidem
1086 3115 1225 3194 videtur,
1238 3131 1270 3182 et
1280 3111 1428 3202 jucundus

345 3202 1427 3375 {n{testamen{continentiiseen

345 3388 379 3444 nt
393 3380 518 3464 qniaqne
531 3379 589 3442 erit
605 3313 737 3443 Giligamai
746 3313 931 3442 bailliviae.
1113 3399 1118 3432 z
1278 3312 1301 3375 p

537 3513 542 3522 .
679 3503 704 3522 =.
726 3509 733 3514 -
760 3462 1028 3546 Lih.x.cap.1..
1066 3487 1068 3494 ¹

389 3549 497 3615 Fuerit
509 3551 518 3613 i
544 3551 607 3614 'tur
618 3550 754 3616 brevitas
764 3549 820 3615 illa
830 3549 998 3625 tutissima,
1005 3571 1082 3634 quae
1092 3560 1140 3615 eet
1153 3549 1242 3634 apud
1256 3547 1390 3621 Livium,
1401 3542 1428 3604 in

343 3637 510 3723 epistolae
547 3637 648 3702 filium
669 3638 804 3722 scripta3
826 3635 988 3721 legendos
1000 3637 1231 3701 Demosthenem
1246 3646 1339 3720 atque
1354 3632 1429 3698 cee-

343 3745 467 3797 maon.-
491 3733 553 3788 tun
568 3726 616 3789 ito
636 3735 673 3789 nt
692 3724 816 3808 quisque
837 3732 916 3800 esset
930 3723 1129 3788 Demostheni
1142 3733 1171 3787 et
1189 3722 1330 3816 Ciceroni
1341 3715 1430 3786 sinil-
1499 3775 1500 3836 p

343 3812 438 3876 limo.
449 3863 453 3870 .

773 3897 890 3970 Eodem
904 3894 1017 3977 eapite.

390 3982 501 4068 Neque
516 3980 569 4046 ills
585 3980 775 4047 Sallustiana
789 3981 1013 4067 brevitasque
1028 3981 1107 4046 nihil
1121 3981 1204 4068 apud
1220 4003 1315 4045 aures
1325 3993 1429 4043 vacuas

344 4083 439 4154 atque
460 4067 603 4132 eruditas
623 4080 726 4153 potest
744 4089 813 4132 esse
829 4067 1007 4152 perfectius,
1023 4069 1106 4153 apud
1127 4080 1322 4154 occupatum
1344 4059 1430 4128 variis

342 4155 590 4242 cogitationibus
606 4154 757 4240 judicem,
772 4167 805 4219 et
818 4156 933 4238 saepius
949 4154 1157 4236 ineruditum,
1171 4152 1334 4239 captanda
1347 4147 1430 4214 nobis

345 4260 408 4308 est:
432 4264 535 4328 nequa
547 4240 606 4306 illa
617 4241 699 4306 Livii
715 4241 818 4306 lactea
830 4245 957 4306 ubertas
971 4241 1047 4306 satis
1061 4241 1189 4308 docebit
1202 4262 1291 4320 eum,
1304 4238 1358 4326 qui
1372 4253 1430 4300 non
1498 4295 1499 4298 ,

344 4328 482 4418 speeiem
495 4327 709 4415 expositionis,
723 4325 779 4392 sed
791 4327 888 4396 lidem
904 4327 1029 4414 quaerit.
1105 4329 1107 4336 '
1357 4360 1364 4370 ·
