3042 4980
352 200 474 294 lxxxii
726 179 1068 282 cinnamo.

276 459 277 464 ι
353 428 487 483 manus
520 423 611 478 cum
643 400 796 480 Aclraeie
831 429 959 501 egens,
990 428 1033 480 cu
1056 429 1136 503 qna
1162 407 1262 505 aprrd
1283 417 1436 482 rendum

351 522 470 624 quaeri
484 530 588 596 eram
605 516 887 607 Locedaeruouii,
905 520 1096 620 displicere
1119 523 1434 614 emoluizoaleudir.

354 624 497 717 Cadur
517 637 679 736 primum
703 635 752 712 ad
779 635 1161 741 conflictumsuctum
1181 661 1313 724 comm,
1331 639 1393 736 qui
1414 662 1436 710 a

352 753 628 854 Philopoemeue
650 751 702 826 nd
723 776 868 827 caueam
890 753 1077 827 dicendum
1092 754 1232 850 moduli
1255 753 1434 842 amisum,

353 867 457 954 Huic
474 868 562 943 loco
578 865 661 941 haec
682 864 880 961 subjicitur
904 863 1084 942 Gronorii
1109 877 1215 942 uota.
1269 879 1294 960 ‘f
1312 866 1433 944 Locus

354 990 376 1028 “
395 980 713 1082 corruptissimus.
739 980 918 1058 Andreas
929 979 1075 1070 Rome,
1088 981 1350 1080 adconfirtum.
1373 980 1433 1054 Αιι

353 1113 378 1145 “
390 1098 478 1176 luitl
506 1101 636 1176 radun
642 1099 802 1198 primum
812 1099 1052 1195 coutrastdem
1068 1099 1191 1174 dutum
1206 1121 1327 1174 eorum
1341 1097 1404 1194 qui
1411 1121 1433 1170 u

352 1222 375 1262 ‘⁸
389 1212 695 1315 Philopoemerel’
744 1210 871 1288 Nobis
888 1211 1057 1288 suboluit
1072 1211 1111 1286 in
1128 1235 1225 1292 voce
1240 1214 1432 1312 conflicturi

348 1327 1428 1427 laterenomenejuslociapudquemcaedesseclafirieset.

192 1533 195 1544 ,
348 1449 439 1528 Hoc
450 1471 591 1523 nomen
600 1443 813 1541 inPolybio
822 1445 1066 1544 quaerendum
1079 1469 1162 1520 esse
1166 1443 1427 1541 judicavimus,

346 1559 682 1662 reperimusquein
706 1559 887 1658 Excerpt.
904 1559 1016 1656 legal.
1030 1568 1091 1634 37.
1109 1585 1197 1636 eum
1213 1560 1336 1636 locum
1354 1553 1425 1630 dic·

346 1688 426 1754 tum
445 1678 560 1753 fuisse
577 1676 821 1777 Corupuaium.
875 1675 1008 1773 ltaque
1023 1675 1147 1772 legere
1172 1677 1310 1752 debere
1334 1671 1426 1747 vide·

344 1818 428 1872 mur
444 1795 483 1872 in
501 1792 633 1872 Livio.
663 1791 806 1870 Coedcm
815 1794 988 1892 primum·
992 1793 1045 1868 ud
1055 1791 1288 1894 Compasium
1288 1788 1425 1892 sarton

200 1927 206 1944 ⁸
342 1937 463 1988 corum
477 1911 542 2010 qui
557 1937 582 1984 u
598 1905 884 2008 Philopoemene.

180 2035 276 2084 Dent·
219 2037 329 2149 speleu
358 2026 582 2126 Denique,
596 2023 661 2100 ubi
679 2024 836 2099 alienos
856 2024 1031 2123 praesidia
1049 2027 1279 2115 defecerunt,
1292 2015 1421 2118 aliquid

178 2097 324 2226 diff
339 2143 456 2222 etiam
474 2139 702 2238 conjecturis
721 2140 911 2218 dedimus.
963 2141 1028 2218 Sic
1056 2141 1120 2216 lib.
1134 2141 1227 2218 Vll.
1243 2168 1277 2220 c.
1294 2148 1329 2216 8.
1346 2142 1422 2233 post

177 2232 307 2346 {ilium
340 2270 529 2337 narratum
547 2256 798 2334 Hernicorum
826 2249 988 2348 cladem,
1008 2257 1091 2333 libri
1109 2281 1243 2334 omnes
1259 2256 1339 2332 siue
1355 2247 1424 2324 ulla

176 2372 241 2412 ‘¹¹⁰⁸‘
339 2376 517 2454 vadente
543 2372 705 2450 habent.
741 2373 956 2476 Agneuquc
967 2374 1205 2508 fugientium
1232 2375 1279 2452 ab
1304 2363 1418 2465 signis,

335 2518 444 2593 quum
448 2501 587 2590 procu
596 2516 730 2566 ruoeneo
742 2513 862 2564 eorum
872 2491 1159 2590 rrficquentru
1125 2517 1238 2591 segnia
1246 2489 1420 2585 compello
1488 2483 1489 2487 ¹

335 2619 462 2692 esseut,
470 2609 614 2701 sunem,
633 2631 677 2680 uc
695 2629 766 2704 per
780 2630 894 2706 agros
910 2609 1053 2705 trepida
1066 2607 1172 2707 suga
1182 2608 1349 2708 polulun
1362 2603 1417 2672 ert.

225 2717 227 2723 ’
334 2721 560 2807 Glareanus,
578 2717 645 2817 qui
661 2741 796 2794 omnes
813 2719 871 2796 sui
890 2721 1031 2806 ordinis
1049 2723 1220 2811 candore
1237 2714 1359 2801 vincit,
1371 2711 1418 2785 in·

335 2823 460 2933 genua
476 2835 615 2910 fatetur
628 2835 711 2912 haee
726 2859 768 2910 se
784 2836 899 2912 verbe
911 2862 991 2915 non
1004 2838 1227 2936 intelligere.
1255 2826 1417 2934 Sigonius

334 2949 598 3038 confidentior,
627 2959 666 3024 et
692 2951 871 3049 carpendi
905 2953 1083 3030 Glareani
1108 2947 1415 3030 studiosissimus:

335 3080 359 3112 “
379 3065 538 3150 Nullum
557 3066 671 3142 hebet
690 3059 898 3158 vitiumhic
915 3069 1038 3160 loeus,
1057 3081 1191 3148 contra
1208 3080 1320 3168 atque
1336 3078 1414 3134 cen-
1477 3091 1478 3121 ι

333 3191 356 3225 “
374 3193 435 3259 set·
449 3182 675 3261 Glareanus.
718 3184 861 3260 Sensus
879 3195 963 3261 est:
988 3211 1104 3286 quum
1123 3185 1232 3284 signa
1241 3172 1414 3258 Hernico
1473 3243 1475 3295 4

332 3311 356 3343 “
375 3323 458 3374 rum
475 3318 593 3396 prope
611 3298 748 3374 moenia
766 3300 899 3400 oppidi
911 3313 1119 3400 conspecta
1135 3309 1262 3390 essent
1278 3293 1413 3371 dasena

330 3426 358 3470 -“
377 3413 426 3489 ab
442 3412 534 3501 suis,
561 3439 698 3511 agmen
724 3439 853 3492 eorum
876 3415 941 3513 qui
968 3416 1016 3490 ab
1034 3415 1151 3514 signis
1168 3417 1347 3513 sugerunt,
1363 3401 1410 3479 fu·

331 3543 455 3607 snm
467 3530 710 3627 fugatumque
721 3530 815 3606 est
853 3528 980 3614 Sed
942 3554 1101 3608 mmmm
1112 3532 1224 3610 secde
1235 3524 1303 3604 sibi
1314 3519 1409 3620 plau

330 3645 388 3721 dit
414 3644 605 3742 Sigonius.
661 3621 866 3728 Quodnam
896 3644 997 3720 enim
1022 3657 1080 3724 est
1105 3647 1200 3724 illud
1227 3621 1409 3745 oppidum

328 3771 464 3862 praeter
489 3763 596 3858 cujus
615 3761 750 3836 moenia
775 3761 1025 3860 infrequentia
1051 3762 1299 3842 Hernicorum
1314 3747 1411 3842 ΒΨ

326 3887 535 3975 conspecta
552 3879 663 3952 suntl
690 3876 806 3962 Quod
824 3877 978 3975 quidem
996 3879 1044 3954 ab
1061 3877 1170 3956 Livio
1187 3870 1409 3954 nominatum

325 3990 596 4072 luisseindicat
608 4015 683 4069 vox
698 4015 831 4076 eorum.
884 3992 1053 4070 Omnino
1071 4006 1267 4093 corruptus
1283 3989 1339 4058 est
1353 3968 1407 4047 ¹¹¹⁰

323 4107 444 4192 locus,
464 4107 742 4216 legendumque
759 4108 806 4183 ab
823 4106 1010 4210 Signinis.
1046 4108 1198 4206 Signia
1193 4116 1251 4182 est
1266 4080 1404 4175 colonia

51 4297 54 4304 ι
188 4221 225 4256 ”
324 4223 597 4303 Romanaoon
624 4223 737 4321 longe
763 4223 810 4300 ab
839 4221 1104 4305 Hernicorum
1116 4223 1263 4305 finibus,
1283 4209 1403 4312 praelssf
