3154 4984
489 195 585 256 Lis.
607 193 701 258 XLV.
729 197 789 262 CA
801 195 833 256 Ρ.
855 195 930 255 ΧΠ.
1209 194 1267 264 179

184 355 328 440 juvante,
343 372 376 426 ct
391 381 456 426 non
472 359 723 450 repugnantibus
738 359 844 425 fratris
858 359 1096 436 antichristum
1122 357 1262 444 primum
1273 371 1341 434 ¹tao
1353 371 1409 422 sss
1458 417 1459 420 ,

185 442 228 506 nd
242 465 398 528 sororem,
414 447 531 512 deinde
552 447 594 512 ad
621 449 751 513 fratrem
775 447 956 534 amicosque
977 447 1054 532 ejus,
1080 445 1157 510 nona
1173 437 1410 531 priusfflffl·

188 527 309 597 destitit
322 533 460 612 mittere,
476 556 572 621 quam
589 555 697 620 pacem
713 555 787 600 cum
808 535 846 598 iis
865 531 1079 599 confirmaret.
1126 533 1262 617 Suspec·
1279 559 1284 566 ·

189 627 257 681 tum
276 619 474 686 Antiochum
486 620 644 698 effecerat,
658 623 754 706 qnod,
771 635 877 686 cetera
893 619 1040 708 AEgypto
1055 619 1116 684 sibi
1132 619 1262 702 tradita,

191 701 465 774 Pelusiivaiidunr
479 707 503 745 ⁴²
513 707 661 772 relictum
676 719 743 772 erat
755 706 950 794 praesidium.
959 705 1143 792 adparebat,
1159 705 1262 772 claua·

187 800 238 853 tra
259 791 399 880 AEgypti
422 795 533 872 teneri,
549 793 575 832 ⁴²
585 808 629 872 ut,
645 815 744 880 quum
773 793 876 874 vallet,
891 815 999 858 rursus
1022 793 1198 860 exercitum
1211 793 1261 858 in·
1299 831 1307 840 ··

188 875 337 946 duceret:
372 879 456 946 belin
489 881 640 946 intestino
673 902 745 944 cum
768 879 866 946 fratre
887 902 960 946 eum
982 880 1100 945 exitum
1124 877 1201 959 fore,
1227 895 1263 946 ut
1296 911 1302 918 ·

187 963 299 1045 victor,
325 965 420 1032 fessus
441 968 623 1044 certamine,
647 989 848 1053 nequaqnam
870 990 929 1053 par
951 965 1112 1032 Antiocho
1134 965 1261 1033 futurus
1327 1045 1330 1056 Ι

188 1065 278 1118 esset.
327 1053 610 1139 Haec,'prudenter
624 1053 843 1118 animadversa
857 1077 877 1118 a
892 1055 1021 1140 majore,
1036 1075 1110 1117 cum
1125 1052 1261 1120 adsensu

185 1138 414 1216 minoritatem
431 1143 636 1226 quique.cum
652 1163 691 1206 eo
705 1155 807 1218 erant,
822 1149 1033 1224 acceperunt:
1058 1161 1149 1204 soror
1160 1139 1259 1226 pluri·

185 1245 276 1290 mum
291 1225 422 1313 adjuvit,
440 1249 504 1300 non
520 1227 654 1292 consilio
670 1228 777 1304 modo,
798 1227 964 1293 sedetiam
990 1226 1147 1312 precibus.
1194 1227 1259 1292 lta·

186 1332 262 1396 que,
276 1313 550 1384 consentientibus
575 1315 696 1379 cunctis
716 1336 795 1399 pace
816 1313 911 1392 facta,
928 1313 1164 1382 Alexandream
1179 1315 1259 1378 reci-

186 1399 285 1481 pitur,
298 1415 338 1464 ne
353 1400 558 1468 multitudine
573 1401 699 1487 quidem
715 1401 917 1467 adversante:
941 1424 1015 1488 quae
1034 1403 1066 1464 in
1082 1400 1176 1477 bello,
1193 1423 1258 1466 non

185 1505 244 1568 per
273 1486 471 1554 obsidionem
503 1487 608 1566 modo,
639 1489 693 1553 sed
722 1488 817 1556 etiam
855 1502 1022 1574 postquam
1051 1511 1071 1552 a
1100 1487 1259 1552 moenibus

183 1571 364 1646 abscessum
380 1585 440 1654 est,
455 1575 531 1661 qnia
541 1573 622 1640 nihii
637 1597 678 1639 ex
689 1573 838 1662 AEgypto
852 1574 1096 1650 subvehebutnr,
1113 1575 1257 1644 omnium

186 1677 290 1724 rernm
307 1661 479 1728 adtenuata
492 1662 599 1746 inopia
615 1675 693 1726 erat.
750 1661 813 1726 His
827 1684 925 1749 quum
942 1660 1043 1726 laetari
1060 1661 1259 1728 Antiochum
1354 1735 1355 1738 Ἴ

185 1748 376 1812 conveniens
391 1762 482 1826 esset,
499 1749 525 1812 si
542 1749 710 1816 reducendi
725 1750 792 1834 ejus
814 1770 923 1814 caussa
937 1748 1115 1814 exercitum
1132 1747 1259 1835 AEgyp-

187 1846 255 1898 tum
288 1832 476 1914 induxisset,
500 1855 566 1922 quo
595 1836 738 1920 specioso
759 1835 858 1902 titulo
892 1835 930 1900 ad
964 1833 1074 1900 omncs
1107 1834 1196 1900 Asiae
1229 1849 1262 1902 et

188 1919 326 1985 Graeciae
350 1921 503 2000 civitates,
520 1922 732 2010 legationibus
757 1921 946 2006 recipiendis
966 1921 1129 2009 literisque
1152 1921 1260 1988 dimit-

186 2006 300 2085 tendis,
318 2031 392 2078 usus
411 2021 489 2086 erat,
506 2008 587 2074 adeo
610 2023 657 2074 est
672 2011 836 2087 obfeusus,
852 2024 888 2074 ut
912 2008 1013 2074 multo
1033 2010 1139 2074 acrius
1162 2010 1260 2074 inies·

185 2092 312 2180 tinsquc
332 2094 482 2162 adversm
503 2096 594 2173 duos,
616 2117 712 2182 quam
736 2109 810 2162 ante
831 2096 980 2164 adversus
1002 2117 1113 2173 nuum,
1134 2110 1260 2181 pararet

186 2179 317 2248 beilum.
373 2181 518 2270 Cyprum
549 2183 711 2266 extempio
740 2182 871 2248 classem
900 2183 1001 2248 misit:
1046 2182 1124 2267 ipse,
1154 2183 1261 2267 primo

184 2287 260 2332 vere
273 2290 347 2334 cnm
362 2266 506 2338 exercitu
522 2268 702 2356 AEgyptum
718 2283 838 2354 petens,
854 2270 888 2332 in
914 2269 1024 2334 Coelen
1042 2270 1168 2354 Syriam
1183 2292 1259 2355 pro·

183 2353 286 2420 cessit.
307 2410 310 2420 .
346 2355 443 2421 Circa
460 2355 680 2420 Rhinocolura
697 2355 863 2421 Ptolemaei
877 2355 989 2444 legatis
1004 2355 1172 2442 agentibus
1211 2377 1261 2422 ra·

183 2440 356 2527 tias,quod
372 2465 429 2528 per
448 2465 521 2508 euru
545 2465 679 2526 regnum
707 2443 845 2528 patrium
870 2441 1049 2526 recepisset,
1064 2379 1260 2527 petentibus-

183 2549 257 2612 que,
285 2541 318 2594 ut
340 2552 432 2598 suum
461 2551 576 2594 munus
591 2541 743 2608 tueretur,
766 2543 801 2594 et
822 2529 945 2594 diceret
960 2530 1076 2612 potius,
1092 2529 1170 2614 quid
1186 2529 1256 2594 fieri

183 2613 290 2694 veliet,
305 2637 411 2701 quam,
428 2616 529 2682 hostis
555 2639 594 2682 ex
620 2617 705 2682 socio
730 2616 842 2692 fuctus,
860 2617 890 2680 vi
916 2631 1012 2703 atque
1026 2617 1123 2680 armis
1137 2631 1258 2704 ageret,

182 2702 365 2786 respondit3
389 2704 461 2768 Non
475 2706 571 2768 aliter
584 2725 680 2788 neque
693 2706 818 2770 classem
831 2715 1051 2782 revocaturum,
1063 2723 1159 2788 neque
1173 2727 1260 2770 erer-

98 2824 101 2831 ·
182 2789 278 2852 citum
292 2792 494 2868 reducturum,
515 2792 577 2856 uisi
590 2792 691 2856 sibiet
705 2800 773 2855 tota
791 2791 902 2877 Cypro,
915 2802 945 2856 et
959 2792 1096 2869 Pelusio,
1112 2813 1258 2878 agroque,

181 2877 238 2960 qui
258 2877 352 2940 circu‘
365 2877 559 2942 Pelusiacum
580 2879 686 2944 ostium
711 2877 787 2942 Nili
814 2888 900 2959 esset,
929 2879 1069 2944 cederet.-
1109 2877 1259 2966 diemque

181 2962 365 3064 praestituit,
380 2963 465 3030 intra
489 2985 586 3051 quam
610 2963 685 3030 “de
702 2965 944 3042 ‚conditionibus
970 2964 1105 3050 peractis
1128 2987 1259 3053 respon,-

181 3069 253 3113 sum
265 3065 433 3134 acciperet.
462 3101 465 3112 .
1166 3107 1167 3112 ,
1198 3123 1203 3130 ,

225 3131 309 3202 ΧΙΙ.
341 3136 517 3222 Postquam
540 3138 608 3202 'dies
623 3136 697 3203 data
713 3139 849 3216 induciis
863 3139 1026 3223 praeteriit,
1041 3146 1059 3182 ἥ
1071 3137 1097 3175 “
1108 3139 1261 3224 navigan·

182 3221 270 3286 tibus
296 3223 379 3288 ostio
403 3223 471 3288 Nili
495 3224 536 3290 ad
564 3223 748 3302 Pelusium,
779 3224 987 3310 perdeserta
1013 3224 1144 3289 Arabiae
1169 3235 1188 3271 t
1212 3225 1260 3290 'ad

183 3307 367 3395 Memphim
383 3309 578 3390 incolebant,
595 3323 627 3378 et
641 3312 682 3376 ab
697 3313 808 3378 ceteris
824 3311 1001 3400 AEgyptiis,
1015 3311 1132 3396 partim
1149 3310 1260 3374 volun-

176 3407 258 3478 tate,
296 3398 390 3463 artim
414 3411 517 3478 metu,
532 3399 574 3465 ad
600 3399 838 3466 Alexandream
858 3398 992 3463 modicis
1015 3396 1183 3462 itineribus
1205 3397 1261 3462 de·

176 3503 259 3548 ¹scen
284 3483 318 3549 it.
377 3483 467 3550 ⁴⁵Ad
494 3485 666 3551 Leusinem
695 3504 894 3576 transgresso
923 3485 1054 3563 flumen,
1086 3484 1142 3571 qui
1170 3483 1260 3550 iocus

609 3625 835 3691 ‘renumera-
862 3651 868 3667 .,

215 3736 247 3787 tl
264 3737 383 3788 Relictam
393 3744 446 3788 erat
453 3739 608 3805 presidium]
631 3740 706 3787 Com·
727 3739 857 3788 Romanis
865 3738 967 3786 nimias
977 3753 991 3785 e
1002 3740 1082 3802 Cypro
1099 3743 1261 3795 memoratur,

180 3805 420 3865 modiusrair'quemt.
454 3807 628 3854 nnonovrus.
737 3795 1050 3866 auspicamurAntiochum
1061 3803 1126 3873 apud
1136 3816 1163 3871 se
1171 3803 1263 3850 retinn-

213 3867 246 3916 42
266 3869 309 3924 Ut,
321 3871 464 3930 quamtum,
476 3885 559 3919 rursus
576 3873 705 3918 aversatam
728 3870 885 3929 ¹isseniiquas
895 3867 1031 3915 maritimas
1047 3868 1139 3928 copias,
1151 3866 1263 3934 ursimui
1313 3869 1316 3875 '

180 3933 313 3998 induceret]
336 3935 408 3998 Legit
419 3937 566 3990 Gronovius,
577 3948 649 3996 quum
660 3935 706 3982 uel·
737 3941 811 3993 terra,
822 3934 896 3979 simul
914 3928 977 3979 mari
995 3933 1129 3994 AEgyptum
1148 3933 1266 3992 aggrede-

181 3997 222 4048 lal.
737 4005 813 4046 retur.
840 3997 885 4044 Ere
896 3998 936 4043 hic
950 3999 1077 4059 navigasse
1096 3997 1265 4057 intelligentur
1357 4009 1360 4018 ’

215 4061 249 4112 43
264 4064 303 4112 Dc
330 4064 499 4115 conditionibus
515 4064 630 4127 peractis]
648 4065 706 4112 Vox
738 4065 881 4124 percutiam
895 4061 949 4107 Nili
957 4062 988 4109 ad
1000 4061 1205 4116 Pelusium,dum
1212 4061 1265 4120 ipse

175 4131 281 4190 pounb
303 4130 473 4178 videturesse
489 4132 614 4178 mendosa.
648 4129 706 4176 For·
738 4129 875 4176 Antiochus
887 4127 994 4172 terrestri
1005 4127 1113 4173 exercitu
1124 4140 1168 4186 per
1184 4129 1265 4194 deser·

158 4200 246 4240 ‘tusae
257 4196 385 4255 scripserat
397 4196 482 4244 Livius
494 4195 582 4242 delatis.
740 4201 766 4239 ta
778 4193 874 4239 Arabiae
881 4190 1015 4250 AEgyptum
1023 4193 1093 4250 petit.

175 4305 178 4310 .
213 4255 248 4304 44
264 4258 444 4321 Navigamus
461 4261 520 4307 ostio
537 4259 609 4323 Nus]
643 4259 707 4320 Rrap·
773 4257 806 4305 45
822 4256 863 4302 Ad
884 4251 1020 4316 Lesuram]
1064 4257 1177 4304 Emenda
1206 4267 1265 4303 cnm

171 4329 219 4370 -ter
240 4323 350 4384 classem,
364 4324 498 4388 syriscum,
519 4339 575 4386 qnae
598 4325 706 4386 Cyprum
741 4322 857 4369 Turnebo
884 4325 909 4366 et
937 4319 1037 4368 Valesio
1064 4321 1094 4368 od
1121 4321 1265 4370 Eleusinem.

179 4399 255 4448 snpra
271 4388 348 4436 missa
366 4391 464 4448 dicitnr,
476 4397 502 4437 ct
519 4389 708 4452 infraalegatis
742 4387 839 4436 Eleusis
854 4387 924 4433 vicus
938 4384 984 4434 fait
1003 4388 1033 4433 ad
1053 4386 1143 4436 fossam
1162 4383 1266 4446 Canopi·

802 4459 863 4518 aa
