3056 4976
334 197 374 274 ‘ss
656 185 826 300 “riri
856 205 989 267 nivii
1037 221 1041 230 =

174 389 309 440 ueris.
335 377 367 439 in
389 375 594 462 Prytaneuni,
610 371 657 458 (id
682 385 728 437 est
753 370 916 457 penetrale
937 367 1034 446 urbis,
1052 365 1105 430 ubi
1126 358 1393 462 publice,·quibus

172 457 203 501 *⁴
215 456 242 502 θ’
257 461 310 505 ¹⁷¹·
335 463 362 527 is
376 461 477 526 bonos
496 460 588 525 datus
610 472 665 536 est,
681 459 861 540 vescuntur)
877 477 949 520 uasa
968 476 1061 518 aurea
1085 471 1200 516 mensae
1218 469 1313 549 tinius
1334 467 1394 545 l'.⁰‘

335 548 408 612 suit.
454 545 601 624 Rhodiis,
615 543 685 609 8lut
711 543 788 608 nibil
812 565 908 608 unum
932 540 1066 625 insigne,
1082 538 1125 601 ita
1141 557 1242 598 omnis
1257 553 1394 631 generis,

336 647 371 698 ut
384 655 518 720 quaeque
534 653 607 697 usus
629 651 739 694 eorum
761 627 1007 714 postulaverunt,
1024 625 1108 689 dona
1122 623 1219 686 dedit.
1265 617 1396 716 Magni-

337 719 471 784 ficentiae
493 739 566 782 vero
588 718 620 781 in
638 719 725 782 Deos
742 717 789 778 vel
812 713 900 780 Jovis
916 710 1057 798 Olympii
1069 707 1230 794 templum
1248 703 1414 782 Athenis,¹

336 825 434 870 unuin
451 801 589 868 interris
610 803 791 868 inchoatum
814 823 872 888 pro
895 795 1111 884 magnitudine
1126 794 1200 870 Dei,
1216 803 1320 876 potest
1333 801 1397 852 tes-

336 891 376 956 tis
397 913 473 956 esse.
496 889 615 960 ,⁸⁸sed
637 901 668 952 et
683 887 787 953 Delon
811 886 873 950 aris
894 883 1069 970 insignibus
1089 892 1326 963 statuarumque
1340 895 1395 938 co-

336 977 390 1061 pia
414 975 592 1040 exornavitz
616 987 646 1040 et
672 973 853 1039 Antiochiae
878 970 968 1036 Jovis
994 966 1164 1064 Capitolini
1191 962 1395 1060 magnifieum

337 1062 500 1146 templum,
518 1081 581 1124 uon
603 1059 781 1150 lpqueatum
804 1080 883 1122 auro
904 1069 1036 1133 tantum,
1051 1052 1105 1116 sed
1128 1049 1299 1136 parietibus
1322 1060 1397 1146 totis

338 1148 455 1212 lamina
469 1147 660 1221 inauratum,
674 1157 706 1210 et
721 1145 782 1209 alia
796 1146 895 1208 multa
910 1143 942 1205 in
963 1140 1031 1208 aliis
1046 1139 1122 1202 loeis
1138 1135 1306 1222 pollicitus,
1322 1153 1398 1218 quia

337 1235 489 1319 perbreve
503 1245 626 1316 tempus
642 1232 731 1318 regni
746 1232 812 1316 ejus
836 1229 903 1306 fnit,
921 1249 983 1291 nori
1007 1223 1145 1308 perfecit.
1186 1219 1399 1314 ¹Spectaculo-

339 1343 409 1385 rum
433 1341 558 1404 quoque
580 1317 682 1380 omnis
703 1316 827 1404 generis
850 1309 1285 1405 magnificentia-superiores
1306 1325 1398 1389 reges

255 1437 258 1444 ·
338 1407 429 1482 vicit3
452 1403 678 1489 ⁸9reliquorum
693 1403 740 1467 sui
756 1402 861 1478 moris,
874 1415 905 1464 et
920 1400 1010 1483 copia
1022 1396 1210 1480 Graecorum
1226 1390 1398 1456 artificum.

339 1491 561 1557 Gladiatorum
585 1511 699 1552 munus
723 1489 878 1552 Romanae
899 1481 1132 1549 consuetudinis
1155 1481 1258 1564 primo
1281 1477 1400 1562 majore

339 1599 412 1642 curn
441 1589 561 1640 terrore
589 1573 764 1652 hominum,
792 1573 987 1637 insuetorum
1017 1569 1055 1632 ad
1084 1566 1147 1631 tale
1173 1561 1398 1650 spectaculum,

340 1685 433 1748 quani
461 1659 629 1744 voluptate,
656 1660 759 1725 dedite
789 1658 905 1723 deinde
933 1655 1048 1740 saepius
1071 1651 1189 1729 dando,
1212 1661 1243 1715 et
1263 1647 1399 1749 ⁹0niodo

340 1745 521 1813 uulneribus
548 1757 650 1822 tenus,
673 1745 768 1810 modo
793 1745 860 1810 sine
889 1743 1035 1807 missione
1063 1739 1168 1816 etiam,
1190 1748 1222 1801 et
1246 1733 1401 1798 familiare

341 1835 438 1900 oculis
463 1844 651 1917 gratumque
679 1830 712 1895 id
739 1829 952 1916 spectaculum
977 1825 1061 1903 fecit,
1085 1835 1117 1888 et
1141 1842 1313 1892 armorum¹
1332 1831 1427 1882 stu«-

340 1922 427 1984 dium
453 1917 610 2004 pleiisque
629 1918 781 2003 juvenum
804 1914 958 1980 accendit.
1003 1912 1124 1996 Itaque,
1148 1910 1202 1994 qui
1227 1907 1401 2004 primonab

344 2007 447 2070 Ronia
462 2005 584 2090 magnis
599 2003 738 2090 praemiis
760 2017 885 2087 paratos
906 1997 1094 2086 gladiatores
1113 2015 1267 2060 arcessere
1289 1989 1401 2056 solitus

341 2091 495 2177 erat,jarn
512 2111 570 2153 suo
1279 2117 1282 2126 ·

723 2251 756 2302 a·
861 2263 880 2299 e
998 2259 1017 2298 si

387 2340 483 2408 XXI.
506 2343 570 2381 *l*
588 2341 642 2428 pio
656 2329 739 2407 inter
759 2340 951 2427 peregrinos.
997 2335 1047 2402 M.
1063 2335 1162 2422 Atilio
1182 2331 1312 2418 praetori
1327 2351 1404 2418 pro-

335 2425 446 2491 'vincia
473 2429 619 2495 Sardinia
644 2428 831 2492 obvenerat:
861 2423 914 2490 sed
940 2445 1012 2488 cum
1042 2421 1166 2510 legione
1192 2441 1283 2512 nova,
1306 2439 1403 2517 quani

342 2515 484 2578 consules
499 2515 758 2598 conscripserant,
775 2512 911 2598 quinque
929 2508 1066 2573 millibus
1090 2505 1230 2593 peditum
1254 2515 1405 2568 trecentis

343 2600 511 2684 equitibus,
523 2602 555 2663 in
573 2600 733 2665 Corsicam
745 2600 850 2683 jussus
865 2610 912 2661 est
925 2595 1070 2659 transire.
1090 2593 1166 2657 duni
1184 2593 1209 2654 is
1223 2590 1267 2654 ibi
1282 2589 1403 2654 bellum

343 2700 476 2765 gereret,
489 2685 515 2726 ⁹¹
527 2685 676 2749 Cornelio
688 2697 890 2769 prorogatum
902 2681 1080 2766 imperium,
1093 2678 1146 2743 ubi
1158 2676 1315 2742 obtineret
1329 2676 1405 2741 sar-

343 2773 472 2833 diniam.
518 2769 580 2834 Cn.
595 2769 726 2834 Servilio
736 2768 887 2852 -Caepioni
910 2768 943 2832 in
962 2764 1151 2850 Hispaniam
1168 2763 1357 2838 ulteriorem,
1373 2775 1407 2826 et

343 2920 394 2968 sive
412 2921 507 2981 publico
529 2927 626 2984 sumptu
646 2924 677 2970 sli
696 2924 789 2980 solitos,
807 2923 860 2984 qui·
891 2937 973 2984 nempe
984 2921 1148 2982 glsdistarioin
1158 2931 1259 2968 munus:
1278 2917 1341 2987 quod
1352 2916 1407 2978 qui·

344 2986 388 3032 bus
410 2986 430 3032 is
447 2986 523 3033 bonos
544 2989 613 3034 dstus
629 2994 674 3046 est,
693 2987 717 3035 id
736 2990 765 3035 da
782 2989 858 3052 Athe·
890 2988 942 3034 deni
958 2989 1034 3049 primo
1048 2987 1136 3046 maiore
1150 2999 1203 3031 cum
1219 2989 1325 3029 terrore.
1338 3016 1344 3029 .
1357 2985 1405 3046 Ar·

345 3052 383 3096 nis
401 3051 548 3099 notissimum
567 3057 604 3100 est
621 3052 738 3100 omnibns.
773 3053 817 3100 Sed
834 3058 858 3100 et
890 3054 964 3100 titices
992 3053 1030 3100 bic
1047 3050 1194 3112 intelligendi
1213 3054 1279 3105 sunt,
1297 3050 1326 3093 iit
1345 3049 1405 3094 tv.

344 3117 370 3162 in
382 3115 434 3162 aliis
446 3118 740 3176 quoqueGroecisurbibus
751 3119 858 3164 eumdem
890 3117 1182 3179 suprs,c.1.iiquorum
1201 3127 1272 3175 opera
1287 3111 1337 3158 ludi
1352 3127 1409 3174 per.

344 3195 433 3228 moreni
450 3189 569 3230 servatum
583 3182 693 3238 casabie
708 3184 774 3230 locus
787 3184 858 3230 testi·
890 3189 1002 3240 aguntur,
1027 3187 1086 3242 puts
1111 3182 1248 3236 histriones,
1270 3178 1405 3240 saltatores,

345 3246 426 3293 monio
437 3250 482 3295 est.
731 3247 733 3252 '
890 3248 1009 3306 tibicines,
1022 3249 1064 3294 &a

358 3325 360 3332 ⁴
379 3317 408 3360 at
429 3305 472 3372 iis]
488 3312 605 3359 Particnls
623 3319 651 3359 sit
668 3313 759 3373 adjecta
779 3319 816 3358 est
831 3327 859 3358 ex
923 3318 955 3361 90
965 3313 1037 3359 Modo
1047 3311 1182 3359 vulneribus
1191 3317 1267 3367 tersas,
1277 3309 1344 3356 isio&
1353 3309 1408 3357 ss‘sse

330 3373 498 3423 'Freinshemii
510 3381 535 3424 et
545 3378 660 3425 Gronovii
672 3379 796 3424 sententis
890 3378 1001 3424 ms'ess‘aise
1019 3371 1104 3440 etiarn]
1120 3376 1193 3421 Modo
1209 3376 1243 3422 ite
1258 3381 1285 3421 ut
1295 3374 1407 3422 vulnere·

378 3447 408 3487 tt
425 3441 474 3486 Sed
493 3445 517 3486 et
537 3443 616 3488 Delvss
640 3444 691 3488 aris
714 3437 860 3505 s'ssss'gssllisss]
891 3448 973 3488 reiitur
988 3447 1081 3488 tsrituiii
1101 3439 1250 3498 gladiatores,
1265 3454 1314 3488 noa
1333 3439 1408 3486 inter·

345 3505 394 3552 iiic
405 3505 461 3552 olim
473 3505 593 3562 legebatur
603 3507 681 3560 Delon
691 3511 774 3556 marla.
802 3509 861 3552 Cor·
892 3508 1032 3566 licereutur3
1055 3507 1141 3564 modo,
1155 3507 1184 3551 ad
1213 3519 1292 3552 necem
1321 3518 1406 3564 usque.

345 3583 425 3616 rexere
448 3571 546 3618 Voisius
570 3576 596 3617 et
620 3573 765 3620 Gronovius.
798 3571 859 3622 Quae
890 3571 978 3618 Moero
995 3577 1046 3618 erst
1064 3573 1140 3632 gratis
1154 3569 1271 3617 deserendi
1290 3583 1406 3631 pugnaui,

345 3633 478 3702 emepdstio
492 3637 513 3682 si
527 3650 581 3682 vers
594 3640 640 3692 est,
653 3636 692 3683 bic
703 3637 783 3684 Livius
802 3649 860 3694 pau·
892 3650 944 3696 quse
955 3637 1056 3684 dabatur
1069 3637 1194 3696 sliqusndo
1206 3637 1274 3682 victis
1289 3635 1406 3698 gladiato-

345 3700 394 3747 lnni
417 3701 523 3748 discernit
540 3715 555 3746 s
572 3700 679 3760 Polybio,
697 3701 736 3761 qui
756 3702 860 3762 loquitur
891 3701 963 3748 ribus.
997 3702 1078 3752 Quum
1098 3706 1176 3746 sutem
1194 3698 1305 3760 placeret,
1322 3705 1350 3747 ut
1368 3714 1409 3746 eo·

344 3767 510 3813 tantummodo
540 3767 570 3811 de
602 3766 686 3811 statuis
715 3767 776 3813 eirca
805 3766 860 3813 Deli
891 3779 966 3825 usque
983 3771 1126 3828 pugnaretur
1144 3767 1219 3813 donee
1236 3768 1350 3813 alteruter
1369 3779 1410 3812 oe·

345 3844 409 3876 arsin
420 3831 450 3876 eb
461 3830 581 3877 Antiocho
592 3830 683 3890 positis.
746 3841 748 3846 ’
891 3831 1020 3888 comburet,
1038 3831 1158 3878 dicebatur
1176 3845 1256 3894 pugna
1274 3833 1328 3878 siae
1349 3831 1407 3876 ssss‘s-

378 3901 409 3944 89
426 3895 581 3958 Reliquorum
590 3891 724 3960 salmuris]
739 3896 857 3946 Voxrels'·
890 3898 962 3942 sicne.
995 3896 1275 3944 sierior.i.111.eeo.
1293 3897 1322 3943 de
1337 3895 1407 3958 Sper·

346 3973 446 4021 quoram
466 3961 552 4020 pendet
570 3973 586 4006 s
602 3961 742 4021 precedenti
759 3961 859 4024 nomine
890 3962 938 4022 tsci
965 3961 1094 4009 militibusi
1121 3961 1221 4023 dignum
1247 3963 1307 4008 os'rs's
1331 3961 1409 4007 atim

345 4025 538 4084 spectaculorum.
569 4026 635 4072 Dicit
653 4025 734 4073 Liuius
759 4027 795 4073 sb*
807 4026 870 4072 Au-'
890 4034 1004 4072 mertens.-
1021 4033 1053 4083 et,
1065 4026 1127 4088 quad
1140 4027 1182 4073 eal
1196 4028 1333 4088 gladiatore
1349 4026 1409 4072 duce

345 4089 426 4135 tioclio
442 4095 563 4150 superstas
581 4105 630 4137 esse
647 4093 776 4152 superiores
796 4094 859 4147 repes
891 4092 1069 4152 mortuitatem
1085 4093 1197 4139 ms'sslasse
1209 4099 1347 4154 pagisorum
1363 4097 1407 4138 est.

346 4155 522 4214 magnificentia
557 4157 741 4215 spectaculorum
783 4159 860 4203 omnis
893 4156 1327 4218 Videplursspudbips.Sstura.Il.
1340 4161 1382 4203 tt.

346 4219 447 4280 generis.
463 4233 492 4266 ex
509 4220 593 4280 quibus
611 4227 688 4268 celere
702 4221 773 4268 moris
784 4222 860 4268 Greci
925 4228 953 4271 oi
975 4223 1081 4269 Uerulis
1097 4231 1254 4286 prorogatam
1269 4216 1410 4284 lespers'ssiis]

346 4288 424 4341 ersnt,
436 4289 461 4330 st
476 4299 529 4332 cum
548 4285 617 4344 copis
632 4287 767 4334 Greconnn
787 4287 860 4332 artifi-
892 4287 958 4334 Hinc
973 4292 1071 4347 sppsret
1082 4289 1217 4338 Cornelium
1233 4287 1353 4350 superiore
1364 4299 1409 4334 sss·

346 4358 418 4412 orm,
437 4361 511 4398 nuum
536 4351 650 4398 Romane
671 4351 858 4411 consuetudinis,
892 4366 924 4400 na
935 4358 1057 4414 pretorem
1068 4354 1148 4403 tuisse.
