3154 4984
346 745 624 830 EPITOME
661 747 838 834 LIBRI
875 747 1009 831 XLV.

577 960 781 1006 -Φ-

21 1109 22 1134 ¹
140 1135 368 1218 PERSEUS
387 1105 430 1211 ab
451 1147 722 1214 AEmilio'Pculla
752 1150 794 1212 im
814 1149 1009 1216 Samothrace
1030 1157 1137 1232 captus
1162 1159 1215 1216 est.

143 1239 246 1314 Qrcum
274 1235 456 1312 Antiochou,
487 1236 588 1322 Suria
615 1256 680 1310 rea,
713 1235 908 1300 Ptolemaum
944 1245 975 1299 et
1005 1237 1215 1318 Cleopatram,

140 1325 282 1410 AEgppti
295 1344 391 1408 reges,
407 1321 567 1399 obsideret,
579 1331 610 1385 et
623 1323 722 1386 missis
735 1324 780 1386 ad
792 1345 857 1386 eum
872 1345 893 1386 a
907 1331 1014 1386 senatu
1028 1324 1151 1407 legatis,
1163 1325 1218 1407 qui

21 1409 22 1414 ’
128 1412 291 1497 juberent,
307 1409 347 1472 ab
361 1409 519 1473 obsidione
531 1409 609 1474 socii
622 1410 705 1491 regis
718 1409 887 1489 absisteret,
899 1410 1048 1493 editisque
1061 1412 1218 1474 mandatis

138 1499 404 1562 consideraturum
415 1497 520 1574 seille,
532 1494 795 1580 quidfaciendum
807 1507 891 1573 esset,
904 1497 1124 1579 respondisset,·
1141 1518 1219 1582 unus
1318 1549 1322 1558 ,

21 1593 22 1618 ¹
139 1608 181 1650 eu
205 1586 318 1669 legatis
332 1583 489 1665 Popillius
514 1583 605 1668 uirga
634 1604 733 1667 regem
759 1584 1017 1666 circumscripsit:
1040 1582 1052 1621 ¹
1051 1581 1217 1668 jussitque,

22 1645 23 1692 ¹
139 1681 306 1754 antequam
327 1671 440 1734 circulo
461 1670 627 1744 accederet,
644 1691 819 1752 responsum
841 1672 941 1734 daret.
964 1692 1026 1754 qua
1047 1673 1219 1753 asperitate

140 1755 595 1844 effecitufflntiocbusbellum
607 1757 768 1820 omitteret.
799 1757 1220 1841 legationesgratsdantium

133 1847 324 1928 populorum
338 1866 375 1906 ac
389 1865 493 1928 regum
503 1843 537 1906 in
547 1852 684 1908 senatum
694 1845 847 1908 admissa.
885 1844 1085 1920 Rhodiorum,
1099 1847 1173 1928 quia
1185 1865 1221 1908 eo

139 1933 222 1995 bello
236 1940 345 1994 contra
353 1933 501 2012 populum
516 1930 857 2013 Roocanrcmfaueramt,
870 1932 1002 1995 esclusa.
1018 1941 1145 2013 postero
1156 1932 1219 2018 die,

140 2039 233 2103 quum
250 2019 288 2080 de
302 2037 337 2080 eo
358 2025 554 2099 quoermetur,
570 2025 605 2080 ut
626 2017 667 2080 iis
682 2016 789 2080 bellum
813 2018 1010 2093 indiceretur,
1026 2039 1162 2082 caussam
1185 2020 1220 2082 in

140 2113 253 2170 senatu
269 2104 390 2184 patriae
409 2122 472 2166 sua
493 2103 596 2186 legati
616 2113 752 2185 egerunt.
783 2125 837 2167 nec
859 2113 1012 2187 tamquam
1032 2105 1143 2185 hostes,
1167 2126 1221 2168 nec

138 2201 299 2274 tamquam
323 2189 401 2254 socii
427 2189 556 2253 dimissi.
600 2187 810 2254 'Macedonia
840 2191 873 2253 in
899 2192 1071 2272 provinciae
1080 2191 1220 2274 sbrncam

141 2279 271 2342 redacta
293 2285 348 2341 est.
393 2274 544 2340 AEmilius
558 2276 700 2350 Paullus,
724 2277 967 2360 repugnantibus
988 2276 1136 2341 militibus
1157 2275 1222 2360 ejus

135 2373 273 2448 propter
283 2365 428 2454 minorem
433 2363 586 2444 predam,
599 2369 628 2424 et
641 2365 869 2426 contradicente
879 2362 945 2426 Ser.
952 2363 1091 2444 Sulpicio
1102 2361 1220 2440 Galba,

143 2449 366 2532 triumphavit.-
390 2457 420 2512 et
433 2451 552 2514 Persea
576 2469 641 2512 cum
667 2448 765 2512 tribus
773 2449 861 2531 filiis
884 2457 957 2512 ante
978 2469 1097 2512 acerram
1120 2451 1219 2514 duait.

141 2536 229 2622 cujus
242 2537 393 2618 triumphi
401 2535 516 2599 latitia
532 2556 570 2597 ne
579 2536 680 2598 solida
692 2537 722 2598 ei
732 2536 931 2618 contingeret,
944 2537 1222 2619 duarumfiliorum

127 2623 302 2710 flumibus
324 2623 476 2705 insignita
499 2630 563 2684 est.-
586 2643 710 2705 quorum
733 2621 863 2686 alterius
884 2643 965 2685 mors
981 2624 1090 2704 patris
1111 2624 1220 2686 trium·

136 2713 236 2795 picum
246 2709 415 2792 praeemit,
430 2709 560 2772 uberius
582 2717 685 2772 seccato
704 2718 757 2772 est.
802 2709 949 2772 Lustrum
970 2710 1125 2772 conditum
1140 2719 1185 2773 est
1199 2731 1220 2772 a

142 2796 326 2862 censoribus.
373 2794 472 2860 Ceusa
486 2803 556 2859 sunt
571 2796 681 2858 civium
703 2797 810 2878 capita
828 2805 965 2859 trecenta
979 2797 1135 2860 duodecim
1151 2798 1220 2860 mil·
1321 2869 1323 2874 ,

141 2885 202 2962 lia,
218 2884 395 2966 octingenta
416 2883 559 2965 quinque.
605 2883 748 2958 Prusias,
766 2884 928 2968 Bithyniae
946 2904 1012 2959 rea,
1029 2883 1170 2958 Romam,
1186 2893 1221 2948 ut

142 2971 267 3036 senatui
277 2969 493 3053 gratularetur
504 2968 540 3032 ab
552 2969 711 3032 victoriam
723 2991 761 3034 ea
772 2970 960 3034 Macedonio
971 2979 1108 3052 portam,
1122 2972 1218 3042 uenit·

142 3067 176 3122 et
190 3057 385 3122 Nicomedem
393 3056 502 3136 filium
519 3058 641 3119 senatui
654 3058 882 3120 commendavit.
927 3057 1008 3133 Rea,
1017 3059 1130 3139 plenus
1144 3059 1221 3122 adu·

143 3144 288 3219 lationis,
303 3141 444 3206 libertum
458 3163 491 3206 se
499 3143 612 3224 populi
625 3142 763 3206 Romani
777 3141 908 3204 dicebat.

178 3318 192 3366 1
209 3318 333 3380 ducitque
350 3345 376 3362 ..
392 3327 566 3376 ..responsum
588 3311 666 3376 daret]
699 3314 830 3378 quotannis
838 3314 1005 3374 cumimperio
1017 3315 1169 3374 mittebatur,
1178 3319 1221 3376 qui

144 3383 280 3430 Mallemus
291 3395 349 3430 aum
360 3378 482 3426 Gronovio
494 3377 557 3424 dare.
700 3393 741 3427 ess
751 3385 853 3438 regeret.
886 3379 920 3426 At
936 3379 997 3424 nihil
1013 3379 1062 3426 tute
1073 3393 1088 3425 a
1101 3379 1177 3425 Paula
1190 3383 1221 3427 de

177 3446 352 3496 amomacum
374 3446 401 3491 tn
414 3443 546 3503 prouincia
559 3441 667 3506 formam
701 3443 846 3492 Macedonia
856 3445 981 3491 decretum
991 3450 1036 3490 est.
1069 3443 1221 3492 turstatt).

144 3511 250 3574 odada}
269 3511 326 3558 Non
342 3516 412 3566 tuns,
423 3509 465 3554 sed
477 3515 532 3568 post
543 3508 668 3554 devictum
700 3509 770 3558 liberi
774 3504 953 3570 jubenturesse
962 3508 1117 3562 Macedones,
1126 3514 1223 3556 utentes

145 3574 578 3636 eseudophffippum.cnosov1as.
606 3571 669 3626 Quoe
701 3573 1086 3636 legibussuis.crmntescnnuos
1094 3573 1223 3634 magistra·
1300 3596 1303 3602 ‚

145 3641 172 3687 in
183 3641 314 3700 provinciae
324 3639 430 3686 sormam
440 3638 544 3684 redama
555 3643 624 3684 eruat
632 3651 671 3683 re-
702 3645 750 3687 tus.

142 3705 240 3770 gisnes.
258 3706 284 3754 in
302 3715 344 3752 ons
365 3703 521 3762 magistratus
543 3701 669 3750 Romanus
