3154 4984
341 177 398 234 sse
694 160 697 166 ’
747 133 1000 232 ursiana
1273 196 1277 200 -

336 335 499 420 ¹subfisrco
509 336 565 400 diu
577 335 675 420 uirgis
688 353 780 400 caesas
793 345 846 413 est,
862 345 892 400 et
900 337 1038 403 sestertio
1047 353 1165 402 monna
1175 337 1284 402 veniit.
1331 329 1406 400 Tri·

342 423 417 488 buni
424 423 538 505 plebis,
553 421 628 506 quia
642 442 704 484 non
719 422 929 506 impetrarent,
944 431 979 488 m
996 421 1057 488 sibi
1078 425 1181 502 denos,
1196 444 1270 508 quos
1283 422 1404 498 uellent,

342 509 454 574 milites
462 509 593 572 enimere
599 509 714 584 liceret,
725 510 857 572 consules
871 510 905 572 in
919 529 1065 574 carcerem
1074 511 1145 574 duci
1147 508 1319 592 jusserunt.
1348 509 1407 573 Ju-

343 595 413 659 uius
428 594 544 658 Rrutns
554 595 658 658 consccl
671 594 706 658 in
721 591 883 676 Hispania
899 595 950 672 iis,
962 597 1017 678 qui
1028 595 1082 660 sub
1095 596 1240 660 Viriatho
1254 596 1407 661 militaue-

331 689 426 755 rant,
443 702 534 766 agros
548 689 578 743 et
592 680 736 762 oppidum
751 681 845 758 dedit,
857 682 939 764 quod
952 681 1095 746 Valentio
1106 692 1241 748 meatum
1255 691 1311 748 cst·
1353 679 1407 744 M.

343 767 500 849 Popillius
506 765 750 844 ‘a'Numautinis,
762 763 855 829 “cum
864 767 971 850 quibus
978 789 1087 850 pacem
1089 768 1215 852 factam
1229 777 1352 834 senatus
1362 769 1409 831 ir-

342 852 437 916 ritam
435 853 517 936 fieri
527 860 692 928 censuerat,
698 873 763 915 acm
772 855 905 918 enercitu
902 853 999 939 fusus
996 855 1191 940 fugatusque
1199 853 1253 920 est.
1278 855 1312 920 0.
1324 854 1409 919 Hos-

342 939 413 1004 tilio
428 938 581 1010 Mancino
594 939 713 1002 consule
733 938 932 1021 sacrificante,
942 941 1028 1022 pulli
1046 963 1083 1004 ea
1096 962 1189 1006 cavea
1203 942 1408 1006 evolaverunt.

342 1025 551 1089 conscendenti
561 1025 671 1088 deinde
679 1026 792 1102 rtauim,
801 1034 836 1089 ut
846 1027 880 1088 iu
890 1026 1082 1110 Hispaniam
1091 1029 1343 1111 prpicisceretur,
1356 1045 1409 1092 oc·

344 1109 424 1176 cidit
437 1132 506 1188 voa,
518 1108 629 1186 Mane,
642 1107 809 1174 Mansine:
832 1132 900 1196 quoe
910 1115 1050 1196 auspicia
1061 1116 1166 1178 tristia
1168 1115 1286 1200 fuisse,
1301 1123 1409 1178 euentu

336 1197 502 1280 probatum
517 1207 570 1262 est.
621 1195 722 1260 Victus
745 1199 824 1262 euim
846 1219 868 1260 a
882 1197 1085 1264 Numantinis
1103 1210 1134 1264 ct
1155 1201 1265 1266 castris
1289 1208 1406 1274 euulsa,

343 1305 433 1368 quum
446 1303 515 1366 spes
534 1283 621 1347 nulla
635 1285 782 1348 seruandi
793 1284 943 1350 cnmcitus
961 1295 1046 1364 essct,
1055 1307 1164 1368 pacem
1182 1307 1247 1351 cum
1270 1288 1314 1352 eis
1322 1287 1408 1372 ficit

343 1370 586 1454 ignominiosam,
603 1390 692 1452 quam
703 1379 805 1434 rotam
816 1391 877 1434 esse
886 1379 1009 1436 senatus
1019 1374 1122 1436 uetuit.
1150 1373 1408 1458 lligintamillia

343 1455 581 1523 Romanorumn
593 1454 850 1522 Numantinorum
861 1457 994 1522 millibus
1005 1459 1335 1542 quatuoruicta'erant.
1358 1459 1407 1525 D.

342 1543 457 1608 Junius
486 1539 691 1618 Lusitaniam,
713 1542 845 1628 triginta
867 1543 984 1608 urbium
1008 1545 1293 1630 expugnationibus,
1316 1549 1412 1628 usque

341 1625 421 1690 ⁵⁴ad
433 1649 567 1701 occasum
578 1637 607 1692 et
618 1649 759 1692 oceanum
767 1631 964 1710 perdomuit.-
987 1639 1027 1709 et,
1043 1653 1131 1714 quum
1145 1629 1301 1719 ⁵⁵fluuium
1319 1630 1410 1696 Obli-

343 1715 460 1778 vionem
474 1715 610 1778 transire
624 1715 741 1778 nollent
754 1716 876 1792 milites,
892 1726 1025 1798 ereptum
1039 1718 1188 1802 signffero
1200 1719 1320 1804 signum
1342 1719 1411 1800 ipse

342 1800 514 1878 transtulit,
530 1787 560 1863 e't
581 1801 635 1877 sic,
657 1810 692 1864 ut
711 1803 1006 1886 transgrederentur,
1021 1805 1188 1886 persuasit.
1232 1804 1410 1868 Alexandri

329 1887 434 1970 filius,
451 1909 506 1950 res
514 1887 624 1972 Syriae,
640 1887 737 1951 decem
748 1908 845 1951 annos
857 1889 1015 1954 admodum
1025 1889 1148 1969 labeus,
1157 1913 1178 1953 a
1191 1889 1340 1968 Diodoto,
1352 1893 1409 1974 qui

348 1971 495 2056 Tryphon
509 1973 790 2058 cognominabatur,
803 1983 903 2038 tutore
916 1997 980 2052 suo,
989 1997 1050 2058 per
1051 1976 1203 2060 fraudem
1217 1979 1329 2042 occissus
1343 1987 1387 2042 est
1392 2012 1405 2050 ,-

344 2059 500 2142 conruptis
514 2059 647 2135 medicis,
664 2061 727 2144 qui,
743 2081 808 2149 eum
822 2062 935 2125 calculi
948 2063 1052 2126 dolore
1066 2064 1199 2127 consumi
1208 2065 1253 2126 ad
1259 2065 1408 2150 papulum

343 2145 479 2227 mentiti,
495 2147 566 2210 dum
581 2154 696 2226 secant,
712 2148 891 2253 occiderunt.

817 2435 933 2520 LVI.

387 2634 432 2697 D.
448 2631 562 2698 lunius
576 2632 694 2696 Brutus
712 2633 745 2695 in
761 2632 926 2716 Hispania
948 2630 1094 2698 ulteriore
1103 2634 1248 2719 filiales·
1264 2636 1410 2700 advocas

347 2719 498 2782 Galloecos
506 2719 672 2802 pugnauit.
695 2718 840 2782 dissimili
847 2728 954 2782 eoentu
965 2720 1016 2783 M.
1027 2720 1176 2786 AEmilins
1186 2722 1408 2804 Lepiduspro-

344 2805 448 2867 consul
456 2807 599 2868 aduersus
612 2804 750 2868 Vaccoeos
760 2826 822 2868 rem
831 2807 936 2890 gessit,
946 2807 1119 2892 clademque
1128 2809 1255 2872 similem
1267 2807 1409 2871 Numan·

344 2891 421 2952 tina
428 2909 540 2972 passus
553 2899 607 2957 est.
644 2889 698 2953 Ad
707 2891 915 2954 easolocndum
927 2891 1116 2971 Numantini
1113 2894 1248 2979 foeduis
1258 2894 1409 2980 religione
1428 2941 1431 2948 -

277 2987 290 3056 ,ζ
337 2975 496 3058 populum,
514 2976 690 3054 Mancinus,
707 2997 795 3060 quum
806 2976 895 3060 brcy'us
906 2980 954 3042 rei
962 2979 1195 3066 amtorfnisset,
1208 2981 1329 3045 deditus
1339 2979 1409 3043 Nu-

343 3063 502 3138 mantinis,
518 3081 579 3124 non
591 3071 635 3126 est
645 3071 791 3144 receptus.
828 3064 1409 3144 Lustrumocensoribusconditumest.

344 3145 1138 3235 ⁶⁶Censosuntciviumcapitatrecentaoigintitria
1148 3154 1259 3218 millia.
1281 3153 1417 3218 Fulvius

342 3235 585 3298 blaccusconsul
599 3235 745 3299 Vardaeos
756 3235 789 3298 in
799 3237 926 3321 Illyrico
939 3236 1066 3322 subegit.
1094 3240 1142 3304 M.
1156 3240 1318 3305 Cosconius
1322 3259 1410 3322 pra-

343 3319 394 3383 'tor
403 3321 436 3383 in
453 3321 590 3385 Thracia
601 3342 665 3384 cum
674 3322 841 3387 Scordiscis
845 3343 995 3406 prospere
1002 3326 1168 3409 pugnauit.
1194 3325 1411 3402 Quumbellum

237 3452 241 3460 .
302 3398 305 3417 ’
345 3405 568 3471 Numantinum
584 3407 660 3472 uitio
674 3409 780 3471 ducum
791 3429 852 3471 non
865 3411 932 3473 siue
939 3409 1061 3492 pudore
1068 3412 1194 3494 publico
1202 3414 1340 3488 duraret,
1356 3413 1409 3474 dc-

345 3493 427 3556 lutus
441 3503 485 3556 est
505 3495 588 3557 ultro
603 3491 744 3576 Scipioni
758 3492 913 3578 Africano
926 3518 946 3560 a
960 3507 1068 3562 senatu
1082 3501 1257 3583 populoque
1270 3500 1413 3562 Ηοπιανιο
1455 3563 1462 3572 ,

345 3581 537 3644 consulatus:
560 3600 645 3664 quem
668 3600 756 3663 quum
779 3581 831 3645 illi
851 3603 961 3664 capere
974 3581 1047 3647 ⁵lob
1060 3585 1164 3668 legem,
1181 3605 1250 3668 quoe
1274 3584 1407 3662 vetabat,

380 3779 411 3820 53
430 3772 489 3818 Cum
503 3771 677 3834 quibuspacem
686 3774 861 3834 saclamcena-
894 3773 941 3830 oio,
959 3775 999 3822 sed
1014 3774 1144 3822 Obliuionis
1165 3776 1341 3824 nominabatur.
1376 3776 1409 3823 Is.

330 3843 388 3884 ·tue
410 3839 506 3884 irritam
520 3837 580 3898 fieri
600 3835 735 3901 senescerent]
752 3840 862 3896 Sigonius
896 3839 1050 3888 Cosaubonus
1060 3843 1089 3888 nd
1099 3841 1175 3888 Strab.
1186 3839 1204 3889 1.
1216 3842 1264 3888 111.
1274 3856 1298 3901 p.
1313 3848 1367 3888 15³.

346 3898 448 3950 immisit
466 3900 491 3949 ri
503 3903 577 3966 fieri:
601 3905 663 3966 quod
681 3910 761 3950 tamen
781 3907 862 3952 abesse
928 3909 959 3952 56
978 3907 1053 3952 Cen-ra
1071 3903 1139 3968 sunt]
1155 3907 1194 3953 Sic
1210 3907 1315 3968 plerique
1326 3906 1408 3966 scripti

340 3967 508 4028 maluerimus,
530 3974 555 4014 et
576 3982 655 4016 revera
681 3971 792 4032 ignorant
807 3971 861 4018 Ἀο·
894 3974 920 4016 et
935 3975 993 4018 vett.
1010 3971 1075 4019 editi.
1110 3972 1254 4032 lnvutgatic
1269 3973 1409 4018 doostsuut.

348 4033 423 4088 diens,
433 4039 457 4078 et
470 4035 613 4096 Campanus.
797 4040 801 4047 '
896 4035 940 4081 Sed
961 4041 986 4081 et
1008 4037 1032 4084 in
1061 4051 1158 4084 numero
1177 4038 1264 4086 civium
1284 4049 1408 4083 censomm

381 4103 411 4143 54
427 4099 470 4144 Aa
489 4098 604 4146 Oceanum
621 4106 645 4147 et
664 4095 794 4163 Occursum]
812 4101 863 4146 An·
896 4099 988 4147 nminat
1006 4099 1068 4150 libri.
1101 4103 1190 4150 Verum
1208 4115 1285 4164 operm
1307 4101 1408 4160 pretium

348 4163 423 4218 dress,
435 4165 580 4223 Campanus,
599 4165 698 4212 Hsarnii
714 4166 814 4224 codices,
827 4166 863 4213 st·
896 4179 945 4212 non
954 4165 1047 4214 videtur
1057 4169 1083 4213 in
1092 4167 1129 4219 his
1140 4168 1238 4215 minutis
1249 4168 1314 4214 tricis
1325 4167 1411 4213 immo-

239 4271 241 4276 .
347 4228 434 4289 gonius
443 4229 559 4275 omittunt
568 4229 599 4276 ric
609 4230 723 4278 Oceanum
734 4239 764 4278 et.
895 4232 947 4278 ruti.

381 4298 412 4338 65
424 4293 538 4342 Fluvium
552 4293 708 4358 Oblivionem]
725 4298 861 4357 Lugendum
928 4303 958 4346 57
979 4297 1013 4343 Ob
1024 4299 1100 4358 legem
1109 4313 1160 4361 quac
1167 4299 1262 4346 uetabat
1270 4311 1411 4362 quemquam

341 4355 489 4406 'Obliuionis
523 4361 585 4406 Num
596 4361 616 4406 is
628 4361 723 4421 fluvius,
737 4376 787 4410 non
797 4361 862 4408 Olli·
895 4365 982 4410 iterum
998 4365 1116 4412 consulem
1126 4359 1197 4429 fieri]
1213 4365 1276 4414 Olim
1287 4361 1409 4427 legebam:
