3056 4976
476 165 574 224 ΗΒ.
592 165 675 224 XLI.
702 166 802 224 CAP.
823 166 908 224 XXI.
984 191 986 196 ’
1181 170 1219 223 28

162 325 196 392 P.
213 325 312 406 Furio
329 325 422 391 Philo
444 328 476 392 in
498 328 673 394 citeriorem
696 327 876 404 tria‘millia
896 326 1038 413 peditum
1056 325 1216 392 Romano-
1226 339 1368 388 ticam.

157 433 240 490 rum,
256 412 377 498 equites
398 427 525 496 centurn
547 413 786 502 quinquaginta,
803 426 835 478 et
854 413 972 480 sociirm
989 411 1096 478 Latini
1113 406 1256 478 nomi-⁶·
1267 403 1295 452 ⁰·
1309 409 1362 453 ¹⁷³¹·
1380 443 1385 450 ·

157 498 207 561 nis
237 499 377 598 quinque
407 499 504 564 millia
533 499 685 583 peditum,
712 499 843 564 trecenti
871 500 1006 585 equites:
1038 497 1146 564 Sicilia
1175 498 1215 562 L.

158 583 294 648 Claudio
309 585 612 670 sme'supplemento
626 585 762 650 decreta.
806 586 895 650 Duas
910 601 1063 669 praeterea
1077 583 1215 670 legiones

155 670 299 734 consules
314 671 450 736 scribere
471 671 556 747 ussi,
571 693 643 736 cum
654 672 741 758 justo
754 693 887 736 numero
901 671 1042 757 pediturn
1058 671 1216 758 equiturn·

156 776 227 840 que,
242 771 275 820 et
288 756 397 822 decern
421 695 681 842 milliapeditum
703 757 795 822 sociis
817 756 982 856 imperare,
998 770 1030 822 et
1050 767 1214 821 sexcentos

155 842 285 927 equites.
329 842 481 909 Deiectus
503 841 683 909 consulibus
697 866 735 908 eo
750 841 907 908 diffieilior
920 857 997 923 erat,
1013 842 1097 925 quod
1118 843 1211 928 pesti·
1222 847 1367 898 eminati».

156 926 263 1004 lentio,
291 951 364 1013 qure
388 930 494 1013 priore
522 951 607 994 anno
632 930 665 992 in
694 928 790 994 boves
818 929 987 1015 ingruerat,
1013 929 1087 992 ”eo
1112 941 1212 995 verte·

155 1025 221 1078 ret‘
235 1016 269 1078 in
292 1013 457 1080 hominurn
473 1015 610 1080 morbos.
633 1014 688 1103 qui
710 1015 895 1092 inciderant,
912 1013 999 1079 haud
1023 1013 1114 1079 facile
1142 1037 1213 1100 sep·

155 1101 269 1164 timum
299 1099 384 1165 diem
417 1102 623 1186 superabuntr
662 1102 715 1188 qui
749 1110 972 1186 superaverant
980 1099 997 1178 ¹,
1026 1100 1212 1188 longinquo,

154 1185 293 1250 maxime
345 1193 495 1263 nartanae,
521 1187 755 1272 inplicabantur
782 1188 903 1252 morbo.
950 1187 1083 1252 Servitia
1111 1189 1211 1252 maxi·

70 1319 73 1330 ,
153 1292 203 1336 ure
228 1209 456 1337 moridhantnr.
485 1295 594 1338 eorurn
622 1286 740 1361 strages
768 1296 825 1357 per
846 1295 959 1338 omnes
983 1273 1049 1338 vias
1075 1269 1212 1357 insepul-

152 1369 258 1422 torum
288 1371 365 1424 erat.
409 1359 462 1424 Ne
488 1358 660 1424 liberorum
690 1360 817 1446 quidem
839 1358 1010 1424 funeribus
1038 1357 1211 1426 ”Libitina

152 1443 346 1510 subiiciebat.
391 1444 564 1522 Cadavera,
581 1448 696 1510 intacta
714 1470 733 1510 a
754 1446 885 1510 canibus
908 1468 945 1510 ac
962 1444 1149 1523 vulturibus,
1165 1457 1212 1510 tn·

152 1527 205 1592 bea
224 1529 428 1595 absumebat:
451 1531 587 1617 satisque
608 1532 780 1609 constabat,
796 1555 855 1596 nec
874 1532 939 1608 illo,
954 1553 1014 1596 nec
1034 1532 1142 1615 priore
1155 1555 1212 1596 an·

151 1636 203 1695 no,
218 1615 253 1680 in
276 1628 367 1680 tanta
387 1629 491 1704 strage
516 1620 610 1682 bourn
637 1617 863 1705 hominumque
885 1618 1057 1684 iulturium
1080 1641 1210 1704 usquam

151 1701 265 1766 visum.
311 1703 497 1769 Sacerdotes
519 1703 636 1787 publici
656 1726 693 1768 ea
715 1705 892 1788 pestilentia
912 1706 1027 1768 mortui
1048 1721 1131 1782 aunt,
1149 1704 1209 1769 Cn.

152 1787 303 1852 Servilius
315 1788 427 1873 Crepio
438 1789 588 1872 pontifex,
602 1802 692 1873 pater
706 1791 859 1875 praetoris,
872 1781 903 1855 et
912 1789 1210 1875 ⁹*TiSempronius

152 1871 205 1937 Ti.
222 1873 275 1938 Fa
286 1877 416 1962 Longus
436 1875 595 1940 decemvir
616 1898 786 1952 sacrorum,
802 1889 834 1942 et
851 1876 888 1943 P.
904 1875 1010 1942 AEtius
1028 1875 1134 1942 Paetus
1151 1900 1210 1942 au·

150 1981 221 2046 gur,
244 1971 278 2024 et
301 1958 354 2023 Ti.
371 1962 576 2046 Sempronius
598 1961 772 2040 Gracchus,
789 1975 821 2026 et
843 1962 881 2027 C.
900 1961 1065 2026 Mamilius
1082 1963 1210 2028 Vitulus

150 2045 239 2109 curio
271 2047 439 2123 maximus,
469 2061 500 2112 et
538 2046 587 2111 M.
607 2049 813 2133 Sempronius
846 2048 1027 2114 Tuditanus
1057 2048 1209 2132 pontifex.

149 2130 349 2218 ⁹⁵pontifices
374 2131 505 2199 subiecti
530 2145 615 2210 sunt,
640 2134 678 2198 C.
696 2135 854 2220 Sulpicius
877 2135 983 2200 Galba
995 2135 1082 2173 *w*
1101 2136 1135 2198 in
1162 2135 1209 2198 lo-

149 2239 221 2282 cum
242 2217 407 2285 Tuditani.
450 2222 600 2307 Augures
623 2219 755 2286 subiecti
782 2237 866 2297 sunt,
882 2221 913 2284 in
939 2220 1077 2286 Gracchi
1104 2221 1207 2285 locum

151 2302 191 2367 T.
208 2303 360 2370 Veturius
387 2306 551 2371 Gracchus
578 2307 834 2391 Sempronianus,
858 2307 890 2369 in
918 2306 955 2371 P.
977 2305 1058 2370 AElii
1085 2307 1128 2380 Q.
1148 2305 1209 2369 AE-

147 2387 208 2454 lius
234 2389 354 2454 Paetus.
396 2391 565 2457 Decemvir
593 2413 752 2456 sacrorum
779 2393 817 2455 C.
835 2393 1040 2475 Sempronius
1066 2391 1207 2478 Longus,

147 2476 237 2556 curio
273 2478 429 2542 maximus
464 2478 503 2544 C.
527 2477 711 2544 Scribonius
745 2477 845 2542 Curio
879 2477 1052 2543 subiicitur.
1098 2476 1206 2552 Quum

147 2562 333 2646 pestilentiae
361 2562 433 2626 finis
461 2586 527 2628 non
556 2563 655 2642 fieret,
682 2577 807 2629 senatus
836 2563 984 2643 decrevit,
1010 2565 1057 2629 uti
1083 2563 1209 2628 decetn-

146 2647 204 2711 viri
238 2647 335 2712 libros
369 2649 541 2735 Sibyllinos
570 2651 703 2716 adirent.
748 2651 796 2714 Es
827 2650 954 2714 decreto
984 2673 1094 2716 eorum
1124 2649 1207 2714 diem

146 2756 246 2798 unum
264 2735 451 2819 supplicatio
465 2735 533 2800 fuit.
560 2752 601 2814 et,
616 2736 696 2813 ⁹⁶Q.
711 2737 831 2802 Martio
848 2735 1000 2822 Philippo
1014 2737 1108 2802 verba
1123 2758 1207 2822 prae·

146 2833 251 2898 eunte,
267 2820 403 2904 populus
418 2823 451 2886 in
473 2821 542 2886 foro
557 2837 663 2887 votum
685 2823 847 2908 concepit:
871 2823 908 2888 Si
928 2825 1045 2888 morbus
1061 2825 1209 2906 pestilen-

145 2909 251 2990 tiaque
265 2930 303 2970 er
323 2930 401 2992 agro
415 2910 555 2972 Romano
568 2919 666 2973 emota
688 2921 772 2986 erret,
788 2910 908 2974 biduum
918 2912 1027 2993 serias
1040 2933 1077 2974 ac
1090 2911 1208 2992 suppli-

146 2993 294 3056 cationem
308 3015 340 3056 re
353 2994 536 3058 habiturum.
581 2995 619 3059 ln
636 2995 761 3058 Veienti
783 3017 863 3078 agro
882 2994 986 3080 biceps
1009 3005 1332 3079 natus'puer‚trougia
1367 3012 1371 3018 ·

146 3090 177 3142 et
193 3079 350 3144 Sinuessae
367 3080 543 3158 unimanus,
559 3096 591 3144 et
606 3081 755 3146 Auxirni¹
773 3080 878 3164 puella
900 3103 974 3145 cum
990 3081 1154 3156 dentibus;
1176 3093 1208 3144 et
1262 3133 1265 3140 .

145 3184 238 3229 arcus
252 3163 391 3229 interdiu
407 3187 516 3230 sereno
531 3166 612 3230 coelo
630 3188 725 3251 super
744 3166 846 3230 aedem
863 3166 991 3232 Saturni
1006 3169 1039 3230 in
1054 3168 1124 3232 foro
1141 3167 1207 3230 Ro-

144 3270 240 3316 mano
254 3251 403 3326 intentus,
418 3265 450 3316 et
464 3266 527 3316 tres
541 3252 635 3318 simul
657 3253 735 3316 soles
754 3251 955 3316 effulserunt:
979 3267 1009 3318 et
1024 3252 1141 3318 ”faces
1156 3275 1208 3316 ea·

145 3335 217 3402 dem
231 3351 325 3402 nocte
338 3336 445 3422 plures
460 3360 517 3423 per
532 3338 648 3404 coelum
665 3337 763 3424 lapsae
778 3326 851 3402 sunt'
871 3338 903 3402 in
921 3339 1107 3404 Lanuvino:
1135 3337 1206 3402 Cre·

175 3475 388 3521 ‘omnarGron
401 3471 470 3521 Cres.
570 3465 734 3538 ‘superabant
744 3475 808 3522 End.
907 3475 971 3523 ssTi.
983 3477 1012 3524 F.
1024 3478 1039 3523 l.
1053 3476 1080 3525 G.
1091 3476 1120 3523 F.
1131 3475 1206 3523 Gron.

144 3535 237 3586 habeat
247 3539 339 3596 rignum
352 3541 442 3587 lacuna
454 3541 528 3587 Grou.
541 3539 610 3586 Cret.
706 3532 715 3570 ¹
728 3540 810 3587 uatmr
820 3541 883 3587 Eud

176 3697 208 3742 92
225 3687 278 3752 Eo]
292 3691 373 3738 Auno.
692 3693 770 3754 pionis
781 3692 887 3752 pontifex
900 3693 1011 3738 suffectus
1021 3696 1066 3736 eat.

176 3762 207 3805 98
225 3755 348 3818 Libitina]
362 3757 417 3805 tur.
429 3764 480 3805 not.
489 3758 529 3809 67.
540 3756 570 3804 ad
582 3757 598 3804 1.
608 3757 660 3804 XL.
724 3762 756 3806 96
775 3758 803 3813 Q.
814 3758 910 3804 Marcio
926 3751 1051 3817 Philippo]
1067 3752 1207 3801 Decemviro

146 3834 165 3866 c·
180 3827 217 3869 19.
300 3817 309 3838 ⁹
693 3836 819 3869 merorum.
852 3821 1105 3882 Vidnuprahxhc.
1117 3823 1157 3865 tt.

175 3891 207 3934 94
226 3886 265 3934 Τι’.
277 3887 431 3948 Semproniae
449 3887 487 3934 ql·
504 3889 532 3934 F·
549 3882 661 3948 Longus]
724 3893 755 3936 97
773 3887 847 3934 Faces
857 3918 864 3931 .
876 3917 883 3930 .
896 3888 969 3946 loprae
984 3892 1041 3932 suat
1057 3886 1083 3931 in
1099 3882 1207 3929 Lanuui·

147 3950 205 3997 ttae
222 3956 259 3998 eat
280 3959 349 3999 vetur
368 3953 492 4013 scriptura,
509 3965 579 4011 quarn
600 3953 660 3998 mala
693 3967 729 3997 uo.
748 3947 901 4012 Caeritesque]
917 3952 1049 3997 Priscianus
1061 3950 1076 3995 Ι.
1089 3947 1131 3996 1v.
1148 3948 1207 3994 citat

146 4021 286 4064 mutaverat
298 4017 422 4078 Sigonius,
445 4017 537 4078 legique
557 4018 661 4076 jusserat
693 4017 757 4062 hune
773 4018 849 4063 locum
863 4017 909 4061 rie:
927 4017 1053 4062 Lanuuini
1065 4014 1208 4074 Caeritesque

146 4079 182 4128 rt.
202 4083 357 4145 &wertina
380 4084 408 4130 0.
425 4083 453 4129 F.
479 4083 534 4130 vit.
553 4095 625 4143 supra
643 4082 659 4128 l.
692 4095 796 4140 unguem
816 4081 937 4140 jadaram.
973 4081 1056 4140 ltaque
1081 4079 1207 4140 legendum
1255 4118 1258 4128 .

143 4144 321 4196 xxvrr.e.a.
694 4147 787 4192 esthoc
804 4147 890 4194 modo:
907 4147 980 4207 lopsoe
989 4153 1053 4193 sunt.
1084 4143 1217 4191 aarum·

170 4219 202 4263 95
218 4214 355 4275 Furtum
364 4211 459 4271 aufferri
471 4219 528 4258 rant
540 4214 567 4260 0.
579 4213 661 4272 Sulpi·
696 4211 990 4272 veritasque.81oonrnr.
1005 4213 1079 4258 Faces
1086 4213 1144 4257 runt
1152 4207 1208 4256 atel·

142 4278 191 4325 crire
211 4281 290 4328 Galla
312 4280 340 4324 r‘a
359 4279 436 4326 locem
457 4275 585 4338 tuditani]
612 4278 664 4326 Hic
693 4274 937 4325 lelacemdueenter.

139 4346 227 4393 excidit
242 4359 334 4394 nomen
349 4343 403 4403 ejur
418 4343 458 4404 qui
478 4344 503 4390 in
520 4343 598 4392 locum
611 4345 660 4419 Cre·

734 4415 787 4471 cl
