3154 4984
336 221 397 278 its
729 213 842 274 TlTl
870 213 1016 276 LlVlI
1052 221 1057 234 ¹
1122 219 1130 234 ¹

175 393 313 450 mouet
339 393 421 447 rent.
467 376 566 456 Quod
593 377 647 444 ubi
669 377 737 442 fleri
763 379 877 444 milites
902 401 1036 459 sensere,
1051 379 1106 445 alii
1134 379 1274 469 gaudere
1298 379 1417 468 palam,

175 461 312 510 ΜΗΘ·
338 467 424 555 quod
452 465 549 530 fessos
572 465 632 530 viae
656 463 765 529 labore
790 466 1032 552 flagrantissimo
1057 483 1137 533 aestu
1167 489 1232 534 non
1261 470 1420 556 coiigissct

337 563 491 641 pugnare.
514 550 611 638 legati
625 550 710 616 circa
735 552 958 636 imperatorem
983 554 1142 640 ducesque
1168 556 1291 620 externi
1313 569 1417 633 erant,

335 641 420 705 inter
428 661 509 726 quos
519 650 552 702 et
563 637 700 715 Attalus,
713 637 842 704 iomnes
853 639 1076 724 adprobantes,
1087 663 1185 726 quum
1194 656 1415 730 pugnaturum

336 727 500 793 consulem
519 725 712 790 credebant:
734 726 859 812 ⁷neque
874 729 957 789 enim
974 749 1016 792 ne
1028 727 1078 792 his
1093 730 1326 794 cunctationem
1342 751 1420 814 ape-

337 826 445 880 ruerat
460 833 561 881 suam.
582 825 660 877 tunc
685 814 862 878 mutatione
886 813 1009 878 consilii
1034 815 1138 880 subita
1163 837 1263 902 quum
1277 816 1332 880 alii
1346 815 1421 879 sile-

337 914 419 980 rent,
435 899 554 966 Nasica
567 922 650 964 unus
671 921 711 964 ex
733 898 881 965 omnibus
903 921 997 965 ausus
1020 914 1067 966 est
1089 923 1220 966 monere
1242 901 1418 980 consulem,-

175 987 412 1053 Nasicaeon-iNe
424 989 536 1052 hostem
552 989 672 1070 quidem
698 987 871 1070 ludfficatas
891 990 1015 1068 priores
1040 991 1248 1072 imperatores,
1256 991 1420 1073 fugiendo

174 1069 286 1180 ¹⁰q¹¹¹1¹3¹¹¹
293 1135 311 1181 11
340 1085 501 1148 certamen,
517 1074 657 1138 manibus
677 1075 822 1138 emittere.
874 1074 989 1152 Vereri,
1005 1098 1044 1148 ric
1066 1086 1153 1139 nacte
1174 1076 1275 1153 abeat,
1291 1097 1419 1160 sequen-

173 1147 232 1180 eum
261 1148 292 1182 ⁸⁰
311 1148 397 1230 ⁰'dus
410 1163 543 1226 marimo
553 1161 665 1224 iubare
682 1181 720 1222 ac
736 1162 876 1241 pericula
890 1161 925 1223 iu
940 1163 1051 1226 intima
1065 1162 1278 1236 Macedauia;
1302 1165 1420 1226 caerci-

337 1261 455 1334 tusque,
468 1249 546 1312 sicut
558 1247 710 1328 prioribus
725 1246 858 1321 ducibus,
876 1267 932 1328 per
954 1250 1046 1313 calles
1060 1249 1214 1334 saltusque
1236 1249 1421 1313 Macedoni-

334 1359 436 1402 carum
465 1335 612 1398 montium
640 1335 783 1417 vagando
810 1337 1047 1418 circumagatur.
1091 1335 1130 1400 Se
1151 1335 1421 1420 magnoperesiru-

334 1426 415 1500 dere,
443 1423 513 1484 dum
539 1423 574 1483 iu
599 1435 708 1502 cauqro
726 1422 854 1502 patenti
867 1421 980 1484 hostem
994 1422 1116 1499 habeat,
1133 1424 1347 1507 adgrediatur,
1364 1443 1420 1486 nec

333 1511 467 1574 ablatum
487 1508 671 1571 occasionem
686 1509 829 1570 uincendi
843 1509 980 1572 amittat.
1027 1507 1158 1584 Consul,
1175 1508 1256 1572 nihil
1279 1507 1420 1574 offensus

332 1596 433 1662 libera
463 1592 681 1659 admonitione
710 1604 776 1656 tam
798 1592 876 1656 clari
897 1592 1118 1673 adolescentis,
1142 1597 1188 1659 Et
1209 1618 1273 1681 ego,
1297 1595 1414 1682 inquit,

333 1683 468 1748 animum
493 1683 582 1744 istum
605 1680 710 1756 habui,
728 1680 858 1760 Nasica,
873 1702 957 1762 quem
972 1691 1007 1744 tu
1020 1701 1102 1746 uuna
1125 1680 1240 1746 habes.-
1272 1692 1312 1760 et,
1328 1704 1419 1766 quem

333 1793 389 1855 ego
404 1790 483 1842 nunc
497 1768 604 1848 habeo,
619 1775 653 1830 tu
667 1767 800 1832 habebis.
845 1767 961 1831 Multis
975 1768 1049 1832 belli
1062 1769 1181 1834 casibus
1195 1771 1300 1844 didici,
1317 1791 1418 1852 quan-

334 1853 596 1940 depugnandum,
612 1855 735 1937 quando
760 1853 972 1917 abstinendum
982 1876 1094 1940 pugna
1109 1859 1160 1920 sit.
1204 1855 1301 1918 9Νοπ
1315 1877 1419 1938 operte

333 1946 376 2008 sit
389 1944 488 2007 stanti
501 1962 581 2004 nunc
604 1942 636 2004 in
655 1940 721 2004 acie
735 1941 852 2017 docere,
868 1940 975 2024 quibus
997 1943 1036 2004 de
1056 1945 1169 2006 caussis
1190 1943 1281 2006 hodic
1302 1945 1420 2026 quiesse

334 2031 441 2094 melius
454 2029 506 2093 sit.
529 2028 666 2092 rationes
690 2028 774 2090 alias
798 2028 969 2109 reposcite.-
991 2049 1071 2092 nuuc
1095 2030 1281 2093 auctoritate
1305 2032 1419 2094 veter-is

333 2115 531 2200 imperatoris
544 2123 700 2179 contentus
723 2113 793 2177 eris.
837 2112 1000 2178 Conticuit
1024 2113 1222 2192 adolescens3
1246 2113 1332 2180 haud
1355 2115 1419 2179 du·

335 2203 387 2268 bie
416 2201 523 2267 videre
548 2201 655 2286 aliqua
679 2198 897 2283 inpedimenta
911 2199 1030 2286 pugnas
1056 2202 1230 2280 consulem,
1257 2224 1330 2288 quae
1354 2201 1417 2266 sibi

335 2312 402 2355 non
417 2288 619 2374 adparerent.

379 2375 565 2442 XXXVII.
591 2373 729 2452 Paullus,
753 2385 921 2460 postquam
944 2385 1060 2440 metata
1082 2388 1185 2442 castra
1216 2376 1419 2460 inpedimen-

334 2479 431 2552 taque
447 2461 611 2528 conlocata
634 2461 866 2539 animadvertit,
882 2483 923 2524 ex
947 2473 1107 2546 postrema
1122 2464 1189 2527 acie
1210 2464 1335 2528 triarios
1350 2466 1417 2548 pri·

336 2569 405 2617 mos
431 2551 592 2616 subducit:
621 2548 738 2613 deinde
765 2547 937 2632 principes,
969 2549 1125 2614 stantibus
1155 2551 1189 2613 in
1216 2551 1318 2634 prima
1347 2551 1416 2614 acie

336 2637 476 2715 hastatis,
493 2637 519 2701 si
534 2636 612 2724 quid
625 2635 724 2699 hostis
740 2648 899 2699 moveret:
923 2649 1084 2718 postremo
1107 2637 1256 2713 hastatos,
1273 2637 1314 2701 ab
1338 2636 1417 2701 dex-

285 2767 290 2776 ·
335 2738 388 2790 tro
411 2723 552 2810 primum
578 2743 678 2787 cornu
699 2722 897 2807 singulorum
924 2720 1088 2806 paullatim
1114 2725 1278 2810 signorum
1294 2722 1418 2788 milites

334 2811 535 2876 subtrahens.
581 2809 631 2874 Ita
656 2807 786 2894 pediteS,
803 2806 961 2894 equitibus
986 2831 1059 2872 curn
1086 2809 1146 2873 levi
1172 2823 1418 2875 armaturaante

336 2897 436 2963 aciem
451 2896 536 2961 hosti
551 2895 713 2980 obpositia
730 2894 798 2958 sine
812 2894 951 2958 tumultu
967 2895 1116 2964 abductis
1145 2919 1205 2962 nec
1220 2899 1305 2978 ante,
1321 2919 1418 2984 quam

337 2985 442 3068 prima
457 2982 545 3048 frons
559 2980 633 3047 valli
647 3003 685 3046 ac
710 2980 792 3045 fossa
815 2981 970 3065 perducta
994 2998 1051 3058 est,
1068 3005 1109 3048 ex
1134 2984 1269 3048 statione
1295 2985 1416 3071 equites

337 3069 477 3136 revocati
492 3081 576 3134 sunt.
608 3070 681 3134 Rex
695 3090 832 3155 quoque,
848 3089 946 3154 quum
962 3069 1030 3133 sine
1044 3069 1273 3136 detrectatione
1286 3083 1420 3155 paratus

338 3179 484 3245 pugnare
498 3177 536 3222 eo
552 3157 602 3221 die
616 3155 736 3233 luisset,
763 3168 942 3231 contentus,
959 3155 1044 3242 quod
1070 3178 1128 3243 per
1149 3157 1273 3222 hostem
1293 3171 1421 3224 moram¹

337 3243 433 3309 fuisse
447 3265 565 3338 pugnae
581 3245 707 3322 scirent,
724 3255 756 3307 et
774 3243 841 3328 ipse
863 3243 897 3304 in
916 3256 1019 3307 castra
1033 3245 1140 3329 copias
1155 3245 1292 3310 reduxit.
1339 3243 1420 3308 Cas·

338 3332 402 3396 tris'
413 3331 666 3413 permunitis,C.
684 3329 843 3415 Sulpicius
859 3327 970 3392 Gallus
991 3330 1137 3395 tribunus
1152 3331 1289 3398 militum
1306 3353 1418 3396 secun·

341 3418 392 3483 dae
406 3417 552 3506 legionis,
569 3418 625 3504 qui
648 3432 768 3501 praetor·
779 3413 941 3499 superiore
955 3438 1041 3481 anno
1054 3415 1167 3496 fuerat,
1183 3417 1321 3482 consulis
1346 3440 1420 3502 per·

180 3529 285 3590 tenuta
343 3507 440 3572 missu
465 3505 503 3571 ad
530 3505 717 3570 concionem
746 3501 899 3566 militibus
929 3503 1047 3568 vocatis
1080 3505 1313 3589 pronunciavit,
1332 3515 1419 3570 nocte

180 3594 335 3708 {ffiffi
337 3593 494 3679 prosimu,
510 3613 549 3658 ue
574 3593 642 3676 quis
667 3593 702 3654 id
719 3611 782 3674 pra
795 3595 942 3672 portento
964 3593 1126 3675 acciperet,
1142 3593 1182 3657 ab
1196 3594 1274 3657 lara
1287 3594 1420 3657 secunda

179 3725 252 3785 pm·
377 3749 497 3798 comus
512 3725 672 3812 approbanter]
693 3749 785 3795 Omnes
804 3761 866 3808 pug·
898 3751 1013 3806 mentm
1024 3750 1191 3800 mmuuaum
1209 3755 1335 3810 aperuerat
1351 3761 1419 3794 suam

344 3831 403 3864 nare
414 3816 550 3876 cupientes,
556 3828 584 3861 ac
595 3815 706 3873 proinde,
715 3827 793 3874 quum
803 3825 866 3871 pug·
898 3812 953 3871 ulli,
963 3829 993 3861 ue
1000 3814 1039 3862 lu's
1049 3815 1150 3875 quidem·

343 3888 458 3929 naturum
481 3880 764 3934 cousulemcredebant,
778 3889 865 3938 appro·
930 3878 1006 3926 SNa
1020 3879 1107 3927 horum
1129 3877 1232 3944 widem]
1269 3877 1420 3926 Particulam

343 3947 484 3994 banteshoc
494 3939 547 4006 ejus
558 3943 695 3990 consilium.
897 3943 990 4002 quidem
1005 3940 1129 4006 rejicimus
1145 3945 1170 3992 ia
1187 3944 1320 4005 superiora,
1342 3949 1370 3989 ut
1392 3943 1419 3987 in

376 4012 392 4059 'l
409 4011 494 4071 Neque
504 4010 603 4055 enimus
612 4007 661 4070 uu]
682 4007 789 4055 Videtur
796 4021 866 4053 revo-
898 4009 1050 4066 praecedente
1061 4016 1120 4056 nota
1130 4009 1244 4056 diximus.
1262 4005 1348 4055 Cetera
1359 4004 1420 4053 G'ro·

344 4077 422 4123 canda
433 4077 481 4122 huc
493 4073 612 4136 particula
623 4072 724 4131 quidem,
735 4087 791 4134 quaa
802 4072 866 4118 infra
899 4073 971 4120 novio
982 4080 1080 4121 auctore
1089 4075 1125 4120 sic
1138 4073 1296 4133 refingimus:
1315 4073 1358 4122 Ne
1367 4071 1420 4118 lior·

344 4139 487 4187 elienolocc
502 4137 750 4197 semimortuum
766 4135 867 4198 quidem·
899 4139 946 4184 lem
971 4137 1114 4202 ludtsteuum
1144 4139 1239 4198 priora
1269 4139 1420 4198 {aequuum

344 4203 464 4264 Legimus
474 4216 546 4264 ergo:
564 4216 636 4264 aeque
646 4203 708 4250 euim
722 4216 751 4249 ue
767 4202 804 4248 lrir
815 4202 866 4261 qui·
892 4198 1011 4264 fugieradc
1021 4208 1144 4260 armaten,
1153 4203 1262 4248 marna
1271 4205 1394 4250 anteruet·

344 4267 397 4316 dem
431 4269 597 4314 cuncutbnem
636 4272 757 4327 eperum
778 4279 865 4314 uam·
895 4291 900 4300 ·
931 4267 1419 4332 9Nonoperoertt1Vid.not.70.edl.

346 4331 479 4395 Dupliceta
489 4333 535 4378 hoc
551 4332 714 4392 loconegatio
730 4333 792 4378 nihil
811 4343 865 4378 mo·
898 4333 919 4382 1.
933 4345 955 4382 c.
966 4332 1006 4383 24.

346 4396 437 4450 leoteria
447 4395 531 4453 babet,
542 4397 564 4444 n·
574 4403 655 4446 strues
664 4397 809 4446 unimoda:
826 4407 865 4442 rre-
