3116 4986
458 138 670 214 ,menam
690 134 903 197 nussum.

582 385 831 469 CXXXIX.

219 588 340 653 Bellum
361 586 502 648 aduersus
520 583 773 647 Transrhenanas
789 591 894 667 gentes
907 605 928 645 a
944 546 1049 647 brusa
1059 593 1173 668 gestum
1187 608 1237 650 re-

163 675 284 760 fertur.
307 673 342 736 im
356 692 413 755 quo
427 671 665 751 interprimares
673 678 889 754 puguavauut
902 667 1088 734 ¹³Seuectius
1097 680 1127 734 et
1138 671 1237 736 Auee·
1326 695 1333 746 ζ

176 762 239 826 tius
259 758 386 834 tribuni,
402 779 439 820 ee
452 757 577 819 civitate
598 753 791 818 Neruiorum.
825 754 990 818 Dalmatas
1004 765 1034 818 et
1055 758 1236 823 Pannonias

178 846 275 922 Nero,
285 843 399 929 frater
418 841 530 918 Dmsi,
544 840 669 924 subegit.
712 838 820 903 ”Pau
840 861 904 902 cum
924 841 1056 904 Parthis
1063 843 1160 926 faeta
1181 841 1234 920 est,

176 933 274 1016 siguis
294 952 315 992 a
336 950 407 1013 rege
427 948 539 1003 earum,
555 947 622 1010 qua
635 924 689 988 sub
713 925 833 1002 Crasso,
849 935 878 989 et
894 935 1002 1008 postea
1023 929 1076 991 sub
1097 931 1236 993 Antania

177 1027 271 1102 capta
293 1024 394 1093 eraut,
417 1014 557 1077 redditis.
609 1088 612 1100 1

637 1215 768 1300 CXL.

219 1418 341 1482 Bellum
364 1417 506 1480 adversus
523 1414 742 1478 Germanorum
752 1423 841 1479 trans
856 1415 994 1480 Rhenum
1008 1415 1154 1494 civitates,
1168 1439 1237 1502 ges·

177 1513 240 1568 tum
254 1526 275 1566 a
289 1505 406 1579 Druso,
420 1502 560 1586 refertur.
580 1501 653 1582 Ipse
666 1522 704 1564 ee
715 1499 875 1584 fractura,
891 1522 966 1585 equo
986 1523 1076 1585 super
1096 1525 1163 1568 ctus
1177 1503 1240 1589 ejus

178 1591 321 1672 collapso,
333 1590 484 1656 tricesima
498 1588 559 1663 die,
575 1607 664 1670 quam
675 1587 710 1648 id
722 1588 886 1664 acciderat,
901 1598 1034 1652 mortuus
1047 1598 1099 1653 est.
1125 1590 1240 1673 Coeptus

178 1697 200 1738 a
214 1675 339 1739 Neroua
336 1675 458 1759 fratre,
470 1674 524 1758 qui
532 1673 642 1735 muncia
656 1673 840 1737 valetudinis
849 1685 996 1752 evocatus,
1006 1677 1121 1757 raptim
1129 1678 1240 1739 adaur-

178 1770 276 1837 rerat,
300 1761 428 1824 Romam
448 1768 628 1842 pervectum,
641 1824 643 1828 ,
655 1767 684 1821 et
703 1757 728 1796 ²¹
740 1760 774 1822 im
798 1759 830 1823 0.
846 1760 929 1826 Juiii
945 1763 1058 1825 tumulo
1077 1763 1239 1827 cauditum.

179 1848 342 1911 Mutatus
355 1855 399 1911 est
413 1867 434 1909 a
450 1846 570 1910 Casare
581 1843 717 1930 Augusto
730 1845 847 1922 uitrico,
864 1855 893 1910 et
906 1849 1053 1930 supremis
1062 1846 1125 1931 ejus
1133 1849 1241 1931 piures

180 1934 306 1998 tonores
319 1932 431 1996 additi.

210 2161 242 2210 19
257 2157 538 2223 inanissimam]
562 2159 592 2208 ln
602 2161 640 2208 his
650 2174 693 2207 no-
726 2162 811 2222 Itaqus
830 2163 943 2209 videntur
957 2166 1099 2211 retrahenda
1115 2165 1141 2210 in
1163 2165 1239 2224 epito'·

174 2227 283 2274 minibus
298 2227 390 2274 varim
406 2225 500 2272 codices
513 2237 570 2271 suos
583 2226 694 2271 observat
724 2239 782 2275 men
798 2227 854 2272 libri
869 2226 1010 2274 CXXXVI.
1027 2242 1082 2289 que
1099 2229 1139 2274 hic
1159 2229 1239 2274 alieno

178 2290 329 2338 Gronoviusz
346 2291 389 2336 aed
396 2303 435 2336 res
445 2289 556 2348 supervi
566 2289 693 2337 momenti.
724 2290 777 2336 loco
787 2291 908 2351 leguntur.

213 2354 245 2402 20
260 2354 377 2401 Paucum
387 2352 559 2414 Partitissuaia
569 2352 614 2414 eu]
634 2351 692 2400 Sero
756 2350 1051 2418 illuminatissimum]
1068 2355 1116 2403 Vel
1124 2356 1187 2416 lege,
1198 2356 1238 2402 vel

177 2420 232 2467 hoec
249 2425 424 2472 memorantur,
444 2417 502 2464 totis
519 2419 602 2466 decem
623 2418 694 2464 annis
725 2418 832 2479 intellige
839 2417 953 2481 Augusti.
970 2419 1138 2477 viminis-mc.
1149 2421 1172 2468 i.

178 2484 248 2545 prius
258 2488 334 2545 gestu
352 2481 406 2530 vid.
415 2495 498 2542 supra,
506 2481 646 2529 cxxva
654 2480 694 2530 22.
