3154 4984
502 218 598 280 LIB.
622 216 717 278 XLV.
740 215 936 277 anniv,
1150 225 1155 238 ‘
1190 221 1250 284 ’183

167 399 225 446 sua
233 391 344 465 posito
358 384 575 468 trittmregum
595 382 683 450 bellis
702 377 844 465 Mnoeps
862 382 1000 468 omnibus
1008 383 1248 468 fhadltn'offi·
1259 395 1289 444 U.
1300 396 1329 448 c.
1340 393 1397 444 set.

169 469 238 533 ciis.
282 469 420 534 Victoria
434 491 506 534 uero
514 471 628 553 populi
641 468 781 534 Romani
800 471 909 534 latori
928 489 993 532 eum
1015 491 1114 552 regem
1130 471 1247 536 :mirum
1257 462 1290 510 Α·
1301 461 1329 510 ⁰·
1341 459 1407 522 ¹⁶⁸2

169 575 232 620 non
246 577 319 634 esse,
334 557 389 640 qui
411 566 521 621 sortem
543 577 658 620 omnem
670 556 817 640 fortuna
831 557 979 640 regnique
997 557 1047 618 sui
1060 575 1124 618 eum
1136 553 1246 622 rebusi

169 641 324 708 Romanis
336 643 547 708 inmisott'rset.
580 643 694 707 Grates
708 644 786 708 Diis
799 663 863 724 pro
873 643 985 724 populi
998 642 1138 706 Renum
1152 643 1247 706 uicto-

169 730 222 792 ria
236 731 404 812 apulimus
419 739 550 814 penates
572 738 698 814 quet,-
722 729 832 793 nome
843 729 948 810 filium
964 748 1028 811 pro
1047 749 1083 792 eo
1097 737 1245 794 autumn.

172 812 376 882 Gratulabtm
399 835 517 901 quoque
536 818 614 880 satis
635 836 689 880 suo
710 816 871 898 supanis
894 817 1016 878 nuntiae
1026 836 1097 879 esse.
1140 815 1246 897 Ipsum

169 903 346 986 relinquere
364 923 502 987 regnum,
522 912 553 966 et
567 901 682 988 Africa
705 903 856 976 exedere,
867 911 1075 985 praterquom
1096 904 1178 985 quod
1197 903 1248 966 illi

169 987 282 1054 inutile
294 998 381 1067 esset,
395 1011 458 1054 aaa
472 1011 534 1054 esse
547 1011 565 1054 e
577 988 736 1072 republica
747 987 1014 1070 populi-Romani,
1028 997 1165 1054 senatum
1176 1009 1245 1052 cert·

169 1094 244 1140 sere.
289 1074 417 1142 Petenti
439 1073 622 1163 Meegsbee„
633 1088 670 1139 ut
684 1071 844 1140 ⁰⁰Henno
869 1072 1065 1138 Hamilcaris
1086 1073 1172 1138 filius
1187 1075 1245 1140 ob-

169 1164 239 1228 ses*
266 1161 300 1228 in
330 1161 437 1228 locum
467 1161 505 1208 *¹
534 1163 686 1247 exigeret.
731 1160 872 1226 Munere
904 1182 944 1224 ex
973 1159 1246 1226 senatusconsulto

169 1259 276 1314 emere
299 1247 412 1338 regulo
425 1261 566 1336 quaestor
585 1249 693 1335 jussus
718 1269 760 1314 ex
785 1245 810 1286 ⁶¹
822 1259 948 1312 eentum
976 1247 1085 1330 pondo
1108 1249 1245 1334 argenti,

168 1347 202 1400 et
226 1336 379 1424 prosequi
401 1357 476 1401 eum
504 1335 666 1412 Puteolos,
683 1355 875 1420 omnemque
900 1347 1051 1411 sumtum,
1076 1335 1182 1418 quoad
1211 1336 1245 1398 in

171 1419 266 1488 ltelie
279 1435 370 1503 esset,
384 1423 541 1510 praebere,
557 1433 590 1488 et
602 1421 683 1487 dues
699 1443 793 1486 neves
807 1421 996 1498 conducere,
1013 1420 1129 1506 quibus
1144 1421 1246 1506 ⁶²ipse

171 1509 366 1596 comitesque
394 1511 479 1612 regis
507 1511 540 1575 in
566 1507 708 1574 Airioem
733 1506 987 1580 deueherentur:
1018 1520 1050 1572 et
1076 1508 1246 1574 comitibus

170 1595 331 1676 omnibus,
342 1596 452 1662 libens
465 1597 633 1683 servisque,
645 1594 833 1660 vestimento
846 1593 933 1661 dete.
978 1594 1076 1660 Haud
1089 1596 1132 1658 ito
1146 1595 1247 1660 multo
1480 1643 1482 1648 -

170 1694 244 1768 post
256 1682 299 1750 de
319 1683 421 1752 altero
437 1683 617 1750 Masinissae
634 1681 703 1747 filio
719 1681 886 1768 Misagene
899 1679 1001 1745 literae
1023 1680 1139 1746 adletae
1160 1696 1245 1760 sunt,
1256 1696 1404 1772 notgero·

170 1771 292 1836 mutum
314 1793 381 1836 eum
403 1771 444 1836 ab
457 1772 500 1836 L.
516 1771 632 1836 Paullo
645 1779 719 1853 post
739 1771 887 1834 deuictum
905 1770 1021 1834 Persea
1047 1771 1081 1832 in
1101 1769 1246 1854 sifi-icam
1255 1761 1392 1872 {inernies

171 1877 236 1922 nun
250 1858 402 1942 equitibus
413 1859 477 1926 suis
485 1892 497 1932 ,·
521 1859 732 1943 nauigantem,
743 1857 884 1938 dispersa
897 1857 993 1920 classe
1007 1857 1042 1918 ia
1055 1856 1248 1922 Hadriatico
1286 1837 1403 1874 omme.

171 1945 264 2020 mari,
279 1945 483 2012 Bnetdisium
503 1945 601 2010 tribio
621 1943 750 2008 auribus
774 1963 803 2006 ce
860 1964 889 2006 m
910 1943 1055 2006 delatum.
1101 1942 1248 2008 Adsum

170 2051 246 2096 oum
267 2030 379 2098 iisdem
405 2031 600 2108 muneribus,
616 2051 689 2117 quae
713 2028 790 2094 dots
838 2050 921 2092 omae
943 2025 1035 2092 fratri
1057 2029 1123 2113 ejus
1145 2042 1247 2107 erent,

170 2115 214 2184 L.
231 2117 403 2185 Stertinius
414 2125 555 2205 questos
567 2115 775 2184 Brundisium
791 2115 923 2182 missus:
939 2115 1108 2202 jussusque
1124 2138 1246 2194 curare,

171 2215 209 2269 ut
223 2203 307 2272 sdes
320 2203 429 2290 bospi-

217 2415 296 2483 XV.
320 2417 391 2457 ⁸”
404 2419 437 2482 in
453 2431 591 2506 quatuor
611 2418 749 2482 urbanas
766 2416 869 2482 tribus
885 2417 1037 2520 desoripti
1051 2430 1142 2481 erant
1156 2416 1252 2482 liber·

173 2502 244 2583 tini,
265 2518 382 2590 praeter
404 2529 469 2583 eos,
484 2505 512 2545 ⁶³
540 2503 631 2570 uibus
653 2503 739 2588 iilius
754 2503 953 2590 quinquenni
976 2527 1077 2591 major
1100 2527 1140 2568 ex
1162 2527 1251 2569 sena-

174 2591 374 2658 tusconsulto
396 2606 489 2660 esset.
586 2615 610 2670 s,
637 2591 692 2655 ubi
715 2589 866 2676 proximo
892 2592 994 2656 lustro
1023 2591 1108 2656 censi
1137 2605 1252 2672 essent,

171 2675 328 2744 ⁶*censeri
349 2681 529 2767 jusserunt:
552 2691 585 2745 et
607 2700 671 2756 eos,
687 2678 742 2764 qui
761 2677 924 2762 praedium
949 2678 1110 2764 praediave
1135 2680 1253 2744 rustico

203 2790 290 2858 {relus
300 2802 348 2850 del.
360 2803 437 2851 Gron.
447 2804 518 2851 Creu.
584 2798 687 2864 kborper
699 2800 771 2848 Crev.
837 2795 845 2836 ¹
858 2802 958 2862 signum
969 2802 1065 2850 lacuum
1077 2801 1147 2848 deest
1157 2800 1219 2850 Eud.

171 2931 231 2970 cum
243 2917 382 2966 Masinissa
392 2920 591 2980 gratulationem
600 2920 696 2968 modes-
728 2919 796 2966 enim
808 2919 937 2982 Msegebe,
947 2927 977 2968 ut
989 2919 1127 2966 Masinissae
1143 2919 1207 2980 regis
1225 2920 1252 2966 fi·

172 2982 209 3028 tia
219 2989 296 3030 oertet
306 2985 422 3032 eomltete
432 2991 458 3031 et
468 2986 590 3034 leudibus.
728 2983 786 3044 lius,
797 2997 842 3032 rex
858 2991 883 3031 et
894 2985 947 3044 ipse
962 2985 1011 3032 dici
1027 2985 1156 3048 potuisset,
1167 2990 1194 3032 et
1205 2998 1253 3032 vox

207 3045 240 3095 60
255 3047 346 3096 Hanno
355 3047 486 3098 Amitoarr'e
495 3049 565 3112 filios
574 3049 655 3110 lasere
670 3050 697 3095 ie
728 3047 777 3109 lpse
785 3050 893 3110 postulet
901 3051 958 3112 ejece.

172 3112 249 3162 botro
260 3112 377 3176 exigua]
400 3113 481 3162 Nemo
497 3128 546 3162 non
559 3115 625 3162 videt
641 3127 697 3160 mu·
761 3113 795 3161 63
813 3112 903 3169 Quum
917 3113 988 3175 filius
1010 3115 1157 3175 quinquenni
1177 3115 1253 3176 major

172 3177 388 3225 tilumeseebune
404 3180 494 3226 locum.
528 3178 696 3240 Sigoniuepro
728 3174 916 3241 osmunt]
943 3179 1029 3238 Inepte
1049 3179 1090 3226 hic
1112 3179 1253 3226 inseruntur

171 3239 252 3302 torpet
270 3242 331 3302 tegit
352 3242 420 3292 obus·
454 3244 540 3292 Cetera
559 3243 605 3290 hoo
621 3243 696 3290 modo
728 3241 769 3288 bre
781 3256 851 3290 voees
869 3257 900 3291 ea·
916 3243 1118 3290 mammertus.
1150 3242 1198 3291 Vel
1215 3257 1253 3290 re·

172 3307 287 3367 supplete
304 3305 400 3356 Petenti
416 3307 551 3372 Margala,
565 3312 592 3356 ot
606 3307 697 3355 Hanno
725 3304 776 3368 jiee
786 3319 827 3352 ees
838 3309 864 3354 in
876 3307 1007 3364 anteriore,
1017 3319 1047 3354 ee
1057 3307 1254 3356 motraeeeomutto

171 3371 381 3433 Amiloarisfiliue
399 3373 462 3421 obser
482 3371 595 3435 [ulterius
612 3367 695 3434 cujus·
730 3371 838 3432 dercripti
856 3376 923 3420 erant
944 3369 1050 3418 libertini
1056 3387 1066 3426 ,·
1091 3374 1129 3419 vel
1148 3372 1178 3418 iis
1197 3386 1253 3433 quse

172 3434 283 3499 dum1le
293 3437 369 3485 brem
381 3436 513 3500 [nomenis
522 3451 538 3484 s
549 3437 628 3486 Ptenis
639 3437 697 3482 mit·
729 3439 865 3496 sequuntur
879 3434 994 3500 adjunge,
1007 3438 1097 3484 eremi
1111 3450 1141 3484 er
1151 3442 1254 3484 tenatur·

172 3507 273 3558 teretur,
282 3505 407 3564 respondit
416 3503 588 3552 senetusheud
596 3514 697 3562 aequum
729 3501 967 3565 mmtnjuoeruet.

171 3566 260 3621 videri,
273 3572 302 3614 ut
317 3569 414 3616 obsides
430 3567 698 3629 scnrtbuginiensibue
762 3564 795 3614 64
808 3565 1037 3630 Cenmjoueruot]
1056 3567 1253 3626 Haeoeteequae
1307 3571 1314 3579 “

171 3631 273 3678 arbitrio
310 3632 461 3697 Mmiriiesoe]
493 3633 605 3695 αἱρεταί.
650 3631 698 3678 Sed
730 3639 867 3692 sequurnur
882 3631 1043 3692 intelligimus
1062 3634 1093 3680 de
1114 3632 1254 3682 centonum

172 3709 252 3756 quum
271 3697 333 3744 nihil
350 3699 451 3746 omnino
468 3699 554 3746 afferet
574 3697 697 3759 Sigonius,
731 3698 759 3746 0.
780 3695 911 3753 Flaminio,
931 3703 957 3744 et
976 3697 1006 3744 L.
1025 3697 1134 3753 AEmiiio‚
1155 3711 1204 3744 non
1223 3698 1254 3744 de
1316 3735 1318 3740 .

172 3774 223 3822 quo
241 3761 296 3810 brec
314 3759 454 3825 conjecture
470 3762 571 3818 nitetur,
583 3775 628 3810 uec
646 3763 698 3810 ullo
730 3761 880 3823 censoribus,
887 3762 931 3823 qui
941 3762 988 3810 hoe
997 3776 1062 3810 enno
1073 3763 1255 3824 inmagistratu

172 3827 248 3874 modo
260 3827 409 3889 probabilius
424 3828 457 3875 sit
473 3829 527 3876 bees
539 3827 644 3877 voluisse
655 3827 698 3874 Li·
730 3831 813 3874 erent:
830 3828 926 3874 duobus
942 3828 1051 3875 maxime
1067 3828 1166 3875 adducti
1181 3828 1255 3874 retio-

171 3892 252 3950 vium‚
263 3905 339 3954 quem
350 3893 470 3955 quidlibet
482 3892 558 3951 eliud,
570 3893 636 3953 quod
646 3892 699 3939 eui·
731 3892 820 3938 nibues
837 3905 895 3946 una,
904 3893 970 3952 quod
978 3906 1064 3940 omnes
1073 3893 1174 3940 omnino
1182 3893 1255 3940 liber·

173 3957 247 4004 visin
264 3963 375 4006 mentem
386 3957 469 4004 venue
485 3963 576 4017 ponet,
587 3957 698 4018 religioni
731 3956 777 4002 tini
792 3956 819 4002 in
836 3957 928 4003 tribum
946 3955 1101 4017 Esquilinam
1117 3973 1133 4005 u
1144 3959 1255 4006 Gmocho

173 4021 292 4087 duximus
303 4023 425 4071 incertum
436 4035 535 4083 prorsus
546 4021 699 4068 additamen-
730 4016 834 4082 conjecti
845 4021 966 4070 videntur.
993 4022 1119 4082 Perpende
1130 4023 1204 4070 verbe
1211 4021 1253 4070 Li.

173 4091 230 4134 tum
241 4088 268 4137 in
278 4093 424 4136 contextum
441 4086 586 4134 admittere:
604 4087 699 4134 locum-
731 4085 812 4140 viene,
830 4086 857 4131 tr
875 4099 946 4146 quam
964 4087 1099 4148 omnesqui
1117 4088 1253 4136 seruitutem

173 4165 223 4212 que
233 4165 350 4202 maneum
360 4153 497 4214 relinquere
508 4149 649 4198 maluimus.
730 4150 862 4204 mutam.
882 4151 943 4196 eoa·
993 4154 1035 4198 et.-
1059 4160 1084 4200 et
1101 4147 1204 4198 rursus:¹
1226 4153 1252 4200 te

208 4215 239 4264 61
259 4218 359 4266 Contere
376 4217 455 4280 pondo
476 4215 584 4279 argenti]
607 4215 699 4264 Marcis
730 4227 757 4259 ea
780 4213 819 4260 rt
839 4214 877 4262 Gr
933 4230 961 4262 sa
976 4218 1147 4276 prmundauit
1164 4217 1253 4264 liberti.

174 4283 325 4330 nmtrutibue
336 4281 392 4332 156.
404 4280 484 4330 unciis
495 4282 519 4329 2.
731 4293 773 4326 noe
782 4291 860 4326 orum
872 4280 958 4326 seruert
968 4280 1069 4342 plaeere.
1103 4282 1198 4331 Deinde
1212 4284 1252 4330 hae

208 4346 241 4396 62
257 4348 312 4408 Ipse
322 4349 456 4408 comiterque
465 4343 541 4409 regit]
564 4345 584 4394 L
640 4360 698 4394 cum
731 4343 866 4391 locutiones
875 4347 920 4409 jue
928 4345 1026 4410 sactum
1039 4352 1084 4405 ert,
1095 4355 1120 4394 et
1130 4347 1172 4394 boc
1182 4360 1254 4410 quum

174 4412 298 4460 Gmnovio
332 4412 467 4474 mentitoque
503 4413 562 4474 ejus
617 4412 699 4460 tiamsi
733 4409 896 4459 itaeervttum
912 4415 978 4469 erret,
989 4425 1038 4460 uon
1051 4413 1163 4462 videntur
1177 4411 1255 4486 eceipi

772 4481 832 4537 Ni
