3120 4984
451 223 538 283 LIB.
566 220 669 282 XLII.
696 223 802 284 CAP.
823 224 906 285 LIX.
1179 235 1217 290 85

140 393 295 452 rexerat.
313 385 404 452 circa
415 411 487 453 eum
502 387 530 432 ⁹⁷
537 409 660 472 agema,
673 387 759 475 quod
778 401 902 468 vocam,
919 389 1125 476 equitumque
1136 393 1219 458 lisa-
1229 415 1257 462 υ.
1269 415 1298 462 c.
1309 414 1366 462 tat.

141 495 205 538 crae
220 474 291 539 alae.
314 477 400 540 Ante
415 497 448 540 se
463 474 573 540 statuit
587 474 763 540 funditores
773 473 1044 563 jaculato'resque:
1066 479 1297 563 quacun-ac·
1310 480 1368 530 ¹⁷¹·

139 573 311 648 gentorum
324 573 437 627 manus
447 577 582 647 utraque
593 583 763 626 numerum
772 561 964 646 expleverat.
989 564 1104 629 Ionem
1113 561 1218 632 Thes·

136 647 368 713 salonicensem
381 664 414 714 et
422 648 601 713 Timauora
609 647 772 733 Dolopem
781 649 819 712 iia
830 649 982 734 praefecit.
994 652 1040 715 sic
1048 654 1128 738 regii
1140 675 1217 718 con-

138 736 297 800 stiterant.
341 734 508 812 ”Consul
523 735 609 800 intra
622 734 741 799 vallum
763 735 908 820 peditum
923 737 990 801 acie
1006 737 1171 819 instructa,
1186 754 1218 804 et
1228 759 1342 806 consuli·

136 821 207 906 ipse
221 822 399 909 equitatum
420 843 547 886 omnem
563 815 636 887 c'urn
659 823 720 887 levi
742 835 904 887 armatura
924 823 1037 888 misitl.
1059 846 1119 908 pro
1134 824 1297 891 vellanis·-

136 910 287 974 instructi
302 923 387 974 snnt.
432 908 561 975 Dextro
575 930 675 973 cornu
697 909 887 994 prepositus
903 909 942 974 C.
959 909 1106 976 Licinius
1121 912 1218 978 Cras-

135 1019 200 1073 sus,
217 996 360 1061 consulis
380 995 490 1077 frater,
505 1017 578 1061 cum
595 995 685 1060 omni
702 995 816 1069 Italico
837 996 992 1084 equitatu,
1008 997 1155 1065 velitibus
1168 1000 1219 1064 in-

137 1082 317 1148 termixtis:
341 1083 469 1150 sinistro
485 1083 537 1148 M.
553 1082 703 1147 Valerius
717 1082 868 1148 Laevinus
890 1084 1048 1150 sociorum
1066 1107 1107 1148 ex
1123 1086 1218 1152 Grae-

135 1171 183 1233 cis
205 1169 335 1255 populis
356 1171 478 1257 equites
499 1169 648 1248 habebat,
664 1169 805 1256 ejusdem
827 1171 932 1320 peritis
953 1173 1054 1238 levem
1077 1186 1217 1239 armatu·

138 1277 221 1322 ram.
269 1255 414 1322 Mediam
435 1270 540 1321 autem
563 1257 663 1323 aciem
679 1255 774 1321 ¹cnm
790 1256 830 1322 de
843 1259 920 1323 ectis
936 1257 1096 1344 equitibus
1111 1272 1217 1325 extra-

138 1341 310 1408 ordinariis
336 1342 465 1408 tenebat
491 1341 536 1419 Q.
551 1341 692 1408 Mucius.
723 1343 853 1410 ducenti
882 1345 1003 1432 equites
1030 1345 1117 1410 Galli
1142 1359 1217 1412 ante

138 1429 232 1518 signa
254 1430 370 1494 horum
397 1430 556 1507 instructi,
580 1442 612 1495 et
637 1430 677 1496 de
699 1430 829 1496 auxiliis
854 1431 1007 1498 Eumenia
1031 1431 1217 1520 Cyrtiorum

138 1517 243 1603 gentis
257 1516 404 1582 trecenti.
450 1515 596 1582 Thessali
633 1516 836 1607 uadringenti
853 1521 975 1604 equites
996 1541 1096 1606 parvo
1119 1520 1217 1586 iuter·

138 1603 225 1668 vallo
238 1603 489 1690 'superlectum
501 1539 724 1670 cornulocati.
769 1604 929 1670 Eumenes
951 1627 1009 1670 rex
1025 1605 1218 1695 Attalusque

137 1712 214 1754 cnm
239 1690 327 1755 omni
354 1711 453 1757 manu
478 1712 535 1756 aua
556 1691 597 1756 ab
619 1702 712 1780 tergo
733 1692 818 1757 inter
840 1706 1034 1778 postremam
1057 1694 1157 1759 aciem
1179 1717 1218 1761 ac

138 1776 258 1841 vallum
275 1788 444 1844 steterunt.
799 1849 802 1858 ¹

181 1863 276 1930 LIX.
299 1865 339 1930 In
362 1866 450 1929 hunc
471 1859 604 1929 modum
628 1863 767 1929 maxime
783 1866 947 1930 Instructae
969 1865 1063 1944 acies,
1079 1887 1138 1951 par
1152 1865 1217 1932 fer-

138 1973 189 2016 me
202 1950 301 2016 utrim
326 1973 366 2016 ue
387 1971 539 2016 numerus
560 1951 702 2037 equitum
723 1973 761 2016 ac
782 1950 860 2017 levis
881 1964 1063 2033 armaturae,
1080 1975 1217 2020 concur-

138 2049 226 2114 runt,
255 2061 276 2102 a
303 1973 519 2103 Iundltoribus
546 2037 852 2124 jaculatoribnsque,
877 2039 938 2126 qui
973 2055 1215 2127 precesserunt,

137 2124 252 2210 proelio
264 2137 346 2190 orto.
393 2124 496 2190 Primi
510 2125 656 2189 omnium
672 2124 824 2204 Thraces,
841 2126 928 2191 haud
944 2149 1034 2192 secus
1047 2149 1142 2215 qnam
1159 2128 1216 2192 diu
1226 2140 1351 2192 Pretium.

136 2211 283 2276 claustris
313 2223 446 2277 retentae
475 2210 563 2290 serae,
585 2210 737 2277 concitati
763 2233 837 2276 cum
865 2213 987 2300 ingenti
1013 2213 1153 2278 clamore
1182 2216 1215 2278 in

137 2298 287 2363 dextrum
310 2319 423 2380 cornu,
447 2297 575 2363 Italicos
600 2298 731 2384 equites,
754 2298 978 2376 incurrerunt;
1003 2312 1038 2364 ut
1059 2322 1119 2364 usu
1143 2300 1217 2365 belli

136 2397 168 2450 et
190 2385 324 2473 ingenio
344 2385 493 2472 inpavida
515 2407 594 2472 gens
616 2384 810 2449 turbaretur.
840 2383 955 2473 gladiis
977 2385 1086 2450 hastas
1107 2399 1217 2471 petere

138 2473 270 2555 pedites,
297 2494 384 2538 nuuc
413 2471 577 2538 succidere
601 2492 696 2536 crura
720 2472 820 2558 equis,
843 2493 930 2536 nunc
955 2471 1010 2536 ilia
1036 2472 1214 2539 subfodere.

138 2558 300 2638 ὅΡοτεειιε,
316 2561 351 2624 in
368 2561 504 2626 mediam
528 2559 671 2623 invectus
692 2559 805 2642 aciem,
821 2559 954 2626 Graecos
975 2559 1081 2644 primo
1102 2561 1215 2646 inpetu

537 2751 550 2788 l
561 2753 639 2800 stand
650 2754 727 2801 Gran.
738 2751 808 2800 Creu.

171 2937 203 2985 st
219 2935 324 3002 Ageana]
345 2939 386 2987 Sic
400 2940 496 2996 vocavit
511 2939 606 2994 Livius,
618 2939 660 2986 lib.
692 2939 826 2986 ordinariis.
851 2937 907 2986 Nisi
927 2939 991 2988 forte
1012 2940 1144 3002 legendum
1166 2947 1213 2999 est,

138 3001 272 3051 XXXVII.
283 3017 304 3050 c.
317 3003 358 3051 40.
374 3006 439 3052 alam
452 3005 521 3051 mille
531 3005 659 3064 equituma
692 3018 745 3050 com
765 3003 857 3050 &ledia
877 3005 992 3066 equitibus
1011 3007 1033 3051 et
1051 3005 1215 3052 eenamdtna·

138 3082 243 3130 snprac·
255 3067 295 3116 51.
310 3069 446 3130 pedestrem
458 3082 572 3128 matrum,
583 3074 661 3116 cetra·
692 3070 745 3115 riis.
769 3068 848 3115 Docet
858 3071 925 3116 enim
940 3068 1065 3131 Polybius,
1076 3072 1094 3117 l.
1106 3070 1149 3117 VI.
1161 3083 1215 3118 mo-

138 3141 220 3182 torum
237 3147 326 3195 nempe
346 3135 474 3195 legionem·
508 3133 589 3182 Suidre
605 3147 660 3194 age·
692 3147 745 3180 rem
761 3133 847 3193 titisse,
857 3139 886 3179 ut
897 3147 927 3180 ex
944 3135 1067 3194 equitibus
1083 3136 1217 3182 extraordi-

137 3213 177 3245 ma
187 3203 225 3245 eat
236 3213 324 3259 agmen
337 3200 482 3246 antecedens
494 3209 587 3259 regem,
599 3211 613 3244 e
624 3211 660 3244 se·
693 3198 768 3244 ratila
778 3209 876 3244 rursum
888 3197 963 3258 aliqui
974 3198 1145 3258 defigerentur,
1154 3213 1216 3259 quos

137 3263 206 3311 lectIs
217 3264 340 3324 equitibus
351 3269 376 3310 et
387 3263 516 3323 peditibus.
534 3260 549 3288 ⁶
557 3263 606 3309 ilic
618 3273 659 3322 po·
693 3269 765 3309 vocat
780 3262 832 3320 ipse
849 3259 972 3311 tertiaeet
982 3261 1122 3317 ἇαιλίιιπς,
1133 3277 1164 3310 ca
1174 3278 1215 3310 aa·

136 3329 185 3375 tius
194 3329 289 3388 equites
297 3327 577 3389 Intelligeudividentur.
595 3326 661 3387 Pug·
693 3326 858 3373 troordInariis
878 3328 984 3388 delectos,
1004 3329 1047 3389 qui
1072 3339 1167 3388 semper
1188 3331 1215 3376 in
1263 3349 1266 3361 s

137 3407 169 3441 na
179 3394 246 3440 enim
258 3394 288 3439 de
299 3407 348 3454 qua
359 3393 448 3454 agitur,
459 3393 531 3450 plane
542 3392 661 3454 equestris
693 3393 788 3445 castris,
802 3391 827 3436 in
848 3393 955 3452 agmine,
970 3395 1110 3440 consulibus
1125 3401 1216 3452 praesto

135 3459 201 3519 fuit3
220 3471 265 3504 nec
283 3459 377 3518 pedites
395 3457 492 3515 habuit,
510 3458 558 3503 nisi
574 3458 660 3504 leviter
692 3460 780 3502 essent.
815 3456 870 3502 Hos
885 3457 961 3518 igitur
977 3459 1111 3517 poterimus
1125 3457 1165 3504 hic
1178 3460 1216 3504 in-

136 3529 252 3570 amnatos.
692 3520 810 3582 telligere,
822 3521 843 3568 si
860 3519 1006 3583 adjiciamus
1021 3522 1164 3582 particulam
1176 3527 1214 3570 ete

169 3588 202 3635 98
218 3587 300 3635 Socra
318 3587 374 3650 uloe]
391 3587 447 3635 vid.
466 3593 516 3633 not.
531 3586 573 3635 28.
589 3588 620 3634 ad
636 3602 660 3635 c.
691 3585 774 3645 sirque
785 3591 810 3631 et
823 3586 915 3645 mitior,
925 3591 950 3632 et
967 3587 1068 3634 fortasse
1080 3586 1159 3633 verior
1169 3589 1216 3635 erit

135 3653 175 3700 66.
187 3653 261 3703 infra.
692 3652 838 3698 emendatio.

167 3716 502 3782 momentanearum]
522 3717 589 3764 Olim
600 3730 658 3778 pro-
724 3713 844 3778 2⁵Supcr
866 3717 950 3762 mcum
972 3713 1056 3782 corna]
1079 3717 1150 3766 Ultra
1172 3721 1215 3766 lae·

137 3782 222 3828 maesti.
241 3784 352 3830 Correxit
364 3782 485 3844 Sigonius.
693 3793 752 3827 vum
763 3795 848 3839 cornu,
859 3783 886 3828 in
897 3780 1026 3832 subsidiis:
1042 3786 1108 3844 quod
1119 3785 1215 3832 disertis

168 3846 181 3893 1
202 3847 265 3894 Cum
283 3845 378 3897 attacti,
398 3847 512 3910 equttttm
526 3847 660 3897 emme.
692 3847 772 3893 verbis
780 3847 926 3908 exprimitur
933 3846 960 3892 in
970 3847 1047 3906 ipsius
1057 3863 1148 3910 pugnae
1159 3863 1216 3897 nar·

133 3910 224 3974 sarcir]
239 3912 288 3967 Qui
300 3914 351 3960 sint
362 3915 456 3975 equites
467 3912 659 3974 extraordinarii,
692 3911 792 3958 renone.
811 3941 812 3946 =

135 3977 589 4036 explicerimnsadl.XXVII.c.12.
615 3979 660 4026 ce·
724 3974 871 4023 8'Pcrrear
911 3976 937 4021 tn
974 3977 1075 4026 mediam
1111 3982 1215 4027 torremur

135 4045 217 4088 temam
234 4055 283 4088 vox
298 4042 389 4091 delectis
405 4045 445 4092 hic
462 4048 574 4104 suspecta
590 4043 660 4090 noble
693 4041 775 4101 aciem,
791 4040 885 4088 &acor
896 4071 903 4086 .
916 4073 923 4086 .
936 4071 943 4086 .
954 4041 1051 4108 evcnit]
1067 4044 1148 4092 Graeei
1165 4059 1214 4091 non

134 4111 180 4152 est.
215 4105 304 4167 Neque
315 4110 380 4156 enim
395 4105 659 4168 entraordinaritequi·
692 4105 808 4152 tenebant
826 4105 934 4152 mediam
950 4108 1056 4154 consulis
1075 4110 1215 4172 aciem,sed

135 4175 173 4218 tet
191 4177 245 4220 tam
264 4173 340 4220 multi
358 4179 438 4234 erant,
453 4179 482 4218 ut
501 4185 558 4234 pars
573 4185 660 4220 eorum
691 4170 783 4216 laevum
795 4185 879 4218 cornu.
898 4170 992 4231 Itaque,
1005 4171 1025 4216 ti
1036 4173 1098 4224 nihil
1108 4174 1148 4221 hle
1159 4189 1216 4236 pec.

135 4237 258 4284 sufficeret
271 4237 302 4284 ad
319 4241 435 4286 tuendam
449 4239 557 4285 mediam
574 4237 660 4286 aciem.
693 4235 758 4281 cavit
774 4236 927 4283 librariorum
946 4235 1050 4295 incuria,
1066 4251 1162 4286 necesse
1178 4247 1216 4286 est

137 4300 224 4362 Itaque
246 4315 294 4348 vox
312 4303 404 4351 delcdia
423 4303 519 4350 videtur
541 4303 662 4350 eradenda
693 4305 722 4344 nt
734 4299 836 4348 Perseus
851 4300 1012 4363 intelligetur,
1024 4309 1080 4362 post
1094 4307 1214 4352 tentatum

135 4379 198 4424 esse,
211 4373 329 4427 tanquam
347 4369 458 4430 apposita
473 4367 606 4428 abaliquo,
618 4367 661 4427 qui
691 4366 801 4412 medinm
816 4367 925 4413 hostium
941 4367 1028 4425 aciem,
1040 4369 1151 4418 invectus
1163 4383 1216 4417 essa

136 4443 258 4492 expoere
270 4433 374 4482 voluerit
390 4446 490 4482 sensum
501 4433 567 4480 vocis
583 4435 660 4479 retra·
692 4428 820 4478 interum
831 4442 914 4479 cornu.
1002 4495 1005 4503 1

740 4502 889 4562 αδ.
