3042 4980
314 205 392 282 lviii
665 246 668 252 =
689 198 1041 278 PRAEFATJO.

154 425 211 474 vsu
222 421 276 486 ejus
314 410 494 506 queratur
503 425 624 501 pauca
638 425 722 489 erse,
737 427 844 500 qaam
856 373 904 480 at
919 428 1020 502 aquo
1030 402 1146 502 plara
1160 403 1345 494 fastidiat,
1358 412 1416 482 ta-·
1472 475 1474 478 .

152 493 223 538 Μ’
314 545 403 619 men
420 515 579 594 offendit
595 541 748 616 quoque
764 514 881 592 nimia
897 518 1071 616 paucitas
1088 526 1127 592 et
1145 518 1323 610 evileseit,
1341 521 1416 598 uisi

249 651 252 660 “
300 631 453 710 'eximia
481 655 603 707 rerum
637 631 799 708 utilitate
826 657 872 706 ac
906 632 1078 722 bonitate
1104 647 1294 733 pensetur.
1348 637 1415 712 Au

313 775 401 826 vero
429 749 552 848 dignae
578 746 713 824 fuerint
737 753 838 821 notae
863 745 950 837 illae,
969 775 1052 848 quae
1079 750 1189 848 quasi
1214 753 1415 849 gemmulae
1454 829 1456 837 Α

196 914 200 925 ·
310 867 496 967 quaedam
507 863 660 944 minime
678 863 928 962 vulgarentur,
947 865 1021 940 sed¹
1035 889 1114 948 non
1130 867 1416 952 modicaiutcr·
1503 873 1506 878 ’

313 983 415 1058 valla
430 979 554 1056 nitida
570 980 656 1056 luce
668 977 952 1076 distinguerent,
967 979 1079 1056 nobis
1097 981 1272 1058 dubitare
1282 983 1414 1060 liceat.

151 1121 284 1200 naysum
314 1098 403 1198 lpse
431 1099 626 1196 profitetur
651 1121 704 1184 se,
732 1122 841 1196 qaam
867 1121 1003 1197 semper
1029 1097 1183 1174 Lioiaoo
1209 1102 1251 1175 ia
1273 1102 1417 1188 deliciis

151 1191 254 1300 fflu.
313 1215 507 1302 tabuisset,
521 1224 555 1288 et
570 1213 745 1291 maella
760 1214 801 1293 irs
816 1213 1037 1305 adeamrtu
1052 1214 1128 1290 satis
1143 1217 1195 1290 ad
1207 1239 1288 1292 eam
1299 1218 1414 1315 scrap-

312 1343 425 1406 torera
440 1329 648 1415 notavisset,
665 1352 707 1402 ea
723 1325 793 1424 hac
811 1328 1060 1420 tractatulus&
1085 1331 1260 1407 ooanattu
1276 1331 1319 1419 io
1335 1331 1416 1430 ipso

311 1445 482 1519 editionis
498 1447 647 1542 decursa
662 1453 753 1518 nata
769 1466 853 1529 esse,
866 1466 929 1517 aec
945 1443 1010 1516 dia
1024 1446 1233 1544 aat'procal
1246 1445 1414 1545 quaesita·

313 1557 579 1656 Hocquidem
603 1556 750 1634 etiamsi
776 1557 1219 1656 moneresupersedisset
1244 1559 1338 1658 ipse,
1358 1561 1415 1634 sa-

306 1673 386 1751 cile
418 1673 747 1768 animadvertisset
778 1671 921 1772 peritus
964 1673 1155 1750 lactaret
1187 1673 1414 1772 intelligens.

312 1789 410 1865 Sunt
429 1790 531 1866 euim
555 1788 622 1879 ibi,
641 1797 684 1862 ut
707 1787 747 1862 iu
764 1797 872 1862 tauta
888 1795 1062 1864 notarum
1079 1789 1284 1888 paucitate,
1303 1781 1416 1889 pluri-

290 1930 386 2001 ma,
412 1931 497 2005 quae
523 1928 601 1980 non
626 1903 920 1984 satisaccurate
948 1927 1136 2004 perpensa
1159 1931 1244 1983 esse
1269 1906 1413 2005 perspi-

154 2041 165 2048 ·
311 2047 428 2100 cuum
444 2031 513 2098 est.
756 2087 757 2094 ,
1053 2075 1056 2083 ,
1413 2081 1418 2086 ,

63 2169 65 2182 ·
150 2173 278 2220 undenos
324 2177 337 2196 2
361 2137 480 2214 Velut
498 2161 621 2237 ‚quum
648 2136 713 2217 lib.
734 2135 789 2214 ll.
816 2161 851 2214 c.
864 2143 938 2212 68.
966 2135 1287 2235 elegantissimum
1308 2111 1415 2214 eurus

149 2237 257 2350 222¹}
268 2235 298 2284 ¹³⁸
313 2255 405 2332 dem
421 2265 462 2330 et
483 2253 690 2332 meridiana
706 2254 792 2330 luce
817 2253 1021 2348 clariorem¹
1037 2252 1136 2328 Livii
1159 2253 1301 2342 locum,
1321 2255 1415 2334 dam

306 2371 631 2460 -vultemeudare,
650 2370 865 2470 corrumpit.
918 2369 1108 2470 Loquitur
1131 2369 1182 2444 ibi
1207 2367 1337 2445 Livius
1363 2370 1416 2445 de

198 2493 203 2504 ‘
304 2487 548 2564 ,coutumacia
562 2486 727 2562 militum
744 2487 926 2561 adversus
944 2485 1113 2584 Appium
1130 2486 1329 2563 consulem
1354 2485 1414 2562 in·

302 2601 465 2682 ‚domitis
482 2601 582 2692 odiis
600 2600 838 2678 certantium.
878 2602 924 2678 st·
939 2603 1155 2686 adhortator
1171 2605 1290 2702 operit
1314 2603 1415 2702 (Ap-

309 2717 412 2818 pius)
426 2723 575 2810 adeam,
590 2744 708 2796 wraes
724 2743 791 2794 sata
806 2729 933 2818 monte
946 2732 1081 2796 motam
1092 2722 1279 2806 ,remittere
1290 2711 1416 2799 inora-

310 2837 430 2916 trr‘am.
449 2833 552 2920 Quid
566 2834 756 2934 apertius?
779 2833 858 2908 Ubi
870 2832 1007 2911 milites
1024 2859 1094 2908 sua
1107 2844 1247 2933 sponte
1259 2859 1415 2914 manum

310 2950 415 3049 operi
430 2950 706 3038 admovissent,
726 2949 757 3026 si
774 2949 924 3050 Appius
942 2951 1158 3030 hortaturus
1176 2950 1414 3050 supervenis-

209 3089 213 3096 ·
308 3074 379 3154 set,
399 3091 530 3144 omnes
549 3067 597 3142 ab
614 3089 729 3164 opcrc
747 3057 1011 3144 discedebant.
1049 3064 1145 3142 Haec
1163 3075 1289 3142 tamen
1307 3065 1414 3140 inani

301 3181 594 3281 ,et-,improspera
609 3183 833 3277 conjectura
849 3180 1028 3258 sollicitat
1045 3180 1232 3276 Clericus.
1274 3193 1297 3224 “
1312 3180 1415 3258 Roo-

302 3299 434 3386 .“.tt'as,
447 3297 584 3396 inquit,
597 3300 766 3397 aisallor
778 3307 1027 3386 auscultatam
1038 3295 1278 3380 iudustriam.
1300 3293 1414 3386 ,Nam

302 3423 335 3494 .“·
352 3439 460 3512 qaam
476 3414 554 3514 Ap.
575 3411 754 3492 Claudias
769 3415 1120 3512 adhortator-operes
1134 3415 1276 3506 aderat
1294 3437 1414 3512 spen·

259 3569 260 3576 κ
306 3541 335 3604 z‘,‘
353 3540 392 3603 te
408 3555 478 3606 sua
492 3557 566 3608 aaa
586 3543 665 3610 erat
681 3539 787 3606 mota
811 3527 1184 3609 iudustriaraa'lr'tam.
1227 3528 1310 3622 Nae
1332 3531 1412 3614 reio

311 3657 334 3704 ‘·‘
351 3673 403 3722 aa
418 3645 561 3726 moveri
574 3644 763 3725 industria
787 3671 828 3720 eo
844 3647 949 3720 modo
964 3646 1041 3724 dici
1054 3646 1198 3744 queat?
1241 3643 1413 3742 llaecre-

302 3761 438 3837 tellere
451 3786 523 3838 nec
542 3773 664 3850 vacat,
678 3786 749 3839 nec
766 3785 925 3853 necesse
941 3751 1012 3836 cst.
1038 3760 1133 3860 Ipse,
1143 3787 1184 3838 se
1196 3759 1327 3858 Livius
1344 3762 1413 3841 de-

279 3877 442 3962 ·sendit,
1135 3959 1138 3966 .
1179 3933 1183 3940 .

360 3991 455 4068 Nec·
475 3992 620 4069 felicior
646 3990 711 4065 lib.
736 3989 850 4067 XXI.
877 4016 910 4067 c.
929 3997 991 4070 63.
1019 3990 1203 4070 correctio
1229 3990 1410 4080 occurrit,

226 4172 231 4188 .
308 4109 373 4184 ubi
392 4109 525 4186 Patres
544 4107 709 4184 Romani
734 4107 966 4192 inducuntur
983 4117 1184 4208 querentes
1202 4108 1252 4183 de
1270 4104 1411 4185 Flami-

180 4243 184 4252 ’
211 4246 214 4254 “
237 4236 265 4332 ’γ
305 4226 370 4308 nio
397 4225 567 4314 consule,
587 4233 628 4300 et
650 4251 695 4301 ea
721 4252 805 4327 quar
832 4228 879 4304 ab
898 4228 981 4328 ipso
1000 4227 1039 4302 in
1067 4224 1189 4324 priore
1207 4221 1412 4300 consulatu
1507 4218 1508 4226 '
