3154 4984
458 163 667 224 L11sxnv.
695 164 797 224 can:
823 165 895 226 V11.
1157 169 1216 230 trs

137 324 280 392 tbrrorer
302 326 349 394 ibi
370 321 494 394 lembus
515 329 631 394 stabat.
677 329 746 396 Sub
763 349 912 396 morsum
926 327 1363 414 sotisdeferuntur,ucssa
1426 323 1431 328 ⁴

137 435 216 502 quae
230 414 273 480 ad
288 431 388 480 'usum
410 415 587 482 necessaria
603 429 711 482 erant:
733 415 874 482 defertur
888 427 923 480 et
934 416 1082 501 peoutfia,
1097 407 1255 504 quanta*
1265 409 1294 454 ⁰·
1307 405 1363 457 ¹⁶⁸·

138 501 226 566 clam
247 497 526 588 deferrlpoterat.
572 501 646 568 Rex
670 503 740 589 ipse
762 505 858 569 nocte
882 503 998 580 media,
1014 525 1087 568 cum
1114 503 1217 569 tribus
1255 567 1260 576 ,

138 589 276 654 consciis
289 587 387 676 fugae,
403 610 461 675 per
478 590 635 678 posticum
651 589 769 654 aedium
783 591 817 655 in
839 590 1053 677 propinquam
1068 589 1216 656 cubiculo
1264 633 1271 638 -

140 674 282 754 hortum,
299 691 395 762 atque
419 677 502 753 inde,
523 675 692 742 maceriam
718 697 806 762 aegre
826 690 1047 764 transgressus,
1064 677 1106 741 ad
1127 699 1216 744 mare

138 762 304 848 pervenite
342 761 512 828 Oroandes
530 764 598 848 jam
624 775 703 839 tum,
726 762 839 828 ”dum
865 764 1001 848 pecunia
1025 763 1214 846 deferretur,

138 850 251 935 primis
266 849 405 920 tenebris
427 843 562 932 solverat
583 871 706 927 navem,
723 871 761 914 ac
782 871 839 935 par
861 849 960 914 altum
977 851 1104 915 Cretam
1126 864 1215 936 pete·

139 941 205 1002 bat.
251 938 420 1023 Postquam
450 937 484 1000 in
514 950 609 1020 portu
637 939 723 1001 navis
752 955 817 1000 non
843 935 972 1000 inventa
1000 949 1057 1013 est,
1081 951 1215 1024 vagatus

141 1023 277 1089 Perseus
302 1019 496 1111 aliquamdiu
523 1024 555 1087 in
579 1024 684 1104 litore,
703 1035 866 1106 postremo
888 1025 1003 1088 timens
1025 1026 1127 1087 lucem
1145 1025 1159 1110 j

140 1111 462 1197 adpropinquantem,
480 1111 513 1172 in
534 1109 708 1196 hospitium
727 1109 832 1174 redire
852 1131 916 1174 nou
940 1132 1043 1187 ausus,
1059 1109 1093 1174 in
1115 1109 1214 1176 latere

140 1197 253 1282 templi
267 1219 369 1283 prope
384 1195 535 1284 angulum
551 1196 721 1262 obscurum
738 1195 872 1260 delituit
918 1195 1015 1262 Pueri
1033 1196 1112 1282 regii
1126 1196 1213 1282 apud

140 1284 338 1350 Macedonas
363 1281 560 1349 vocabantur
588 1285 771 1368 principum
801 1282 903 1359 liberi,
931 1284 971 1346 ad
999 1283 1213 1348 ministerium

139 1370 233 1435 electi
263 1367 298 1436 re
320 1363 377 1434 isr'
394 1391 432 1434 ea
460 1369 585 1448 cohors,
612 1367 798 1456 persecuta*
822 1391 929 1456 regem
957 1368 1144 1456 fugientem,
1172 1393 1214 1436 ne

137 1472 211 1522 tum
233 1395 363 1544 quidem
386 1457 587 1535 abscedebat,
606 1457 710 1522 donec
726 1458 817 1544 jussu
841 1457 902 1521 Cn.
920 1455 1047 1522 Octavii
1068 1479 1213 1542 pronun-

138 1546 258 1608 ciatum
275 1558 322 1610 est
337 1563 395 1628 per
408 1541 607 1629 praeconem,
616 1545 730 1630 Regios
739 1563 853 1628 pucros
864 1544 1113 1628 Macedonasque
1123 1546 1212 1621 alios,
1223 1552 1370 1614 ΜΡΝ

138 1633 195 1719 qui
208 1633 417 1696 Samothraca*
431 1643 537 1709 essent,
552 1635 581 1696 si
594 1634 767 1696 monstrent
780 1634 824 1694 od
836 1632 1004 1709 Romanos,
1020 1625 1353 1732 inevidentia-{2²⁰1ffi

138 1729 209 1795 tem,
225 1719 454 1803 libertatemque
467 1730 498 1784 et
510 1739 567 1784 sua
580 1721 684 1782 omnia
698 1727 879 1793 seruaturus,
894 1739 961 1802 quae
975 1728 1031 1781 aut
1044 1739 1142 1782 secum
1156 1719 1213 1783 ka·
1222 1762 1274 1797 noa

138 1805 256 1882 herent,
267 1816 323 1869 cut
337 1808 370 1869 in
383 1806 573 1872 Macedonia
587 1807 802 1888 reliquissent„
817 1803 870 1886 Ad
885 1803 970 1868 hanc
986 1826 1094 1868 vocem
1110 1817 1212 1870 trans·

139 1891 199 1955 itio
213 1892 356 1956 omnium
379 1891 464 1956 facta
477 1905 533 1968 est,
549 1892 742 1978 nominaque
762 1891 884 1956 dabant
898 1890 937 1955 ad
955 1890 993 1954 C.
1011 1890 1212 1956 Postumium

136 1977 304 2045 tribunum
322 1978 470 2043 militum.
494 1977 629 2042 Liberos
644 1999 772 2064 quoque
785 1999 901 2066 parvos
917 1979 1021 2065 regios
1033 1978 1093 2043 Ion
1109 1977 1213 2042 Thes-

138 2063 343 2130 salonicensis
370 2062 505 2130 Octavio
531 2065 678 2129 tradidit:
705 2069 764 2130 nec
790 2068 967 2152 qnisquam,
994 2080 1114 2146 praeter
1136 2065 1213 2130 Phi·

136 2150 277 2236 lippum,
293 2152 468 2218 marimum
491 2163 568 2216 natu
591 2171 608 2215 e
630 2152 715 2228 filiis,
739 2175 811 2216 cum
840 2173 914 2238 rege
940 2151 1078 2216 relictus.
1124 2151 1342 2216 Tunicam„

141 2259 209 2302 sese
235 2238 401 2326 liliumque
416 2239 553 2304 Octavio
571 2239 718 2314 tradidit3
742 2238 901 2302 fortunam
918 2237 1082 2325 Deosque,
1097 2238 1213 2324 28quo·
1220 2241 1272 2276 ¹⁶¹·

140 2345 214 2388 rum
241 2325 273 2388 in
298 2325 419 2410 templo
444 2340 544 2404 erant,
560 2325 647 2397 nulla
670 2344 732 2408 ope
752 2324 927 2410 supplicem
944 2325 1102 2409 juvantes,
1118 2346 1212 2390 socu-

137 2433 223 2476 sans.
269 2413 306 2478 In
324 2413 506 2498 praetoriam
528 2433 639 2476 navem
665 2412 778 2495 inponi
794 2413 918 2497 jussus:
941 2409 1055 2476 eodem
1069 2424 1102 2476 et
1116 2433 1213 2495 pecu-
1255 2463 1257 2466 -

137 2499 202 2576 nia,
219 2521 292 2584 quae
315 2497 480 2584 superfuit,
496 2499 600 2564 delata
621 2511 683 2564 est:
707 2496 935 2584 extemploque
951 2497 1059 2563 classis
1074 2497 1213 2583 Amphi·-

136 2585 240 2670 polim
255 2588 378 2671 repetit.
423 2581 506 2651 Inde
521 2585 675 2651 Octavius
698 2604 804 2672 regem
825 2585 858 2648 in
873 2601 978 2650 castra
993 2584 1035 2650 sd
1049 2585 1212 2650 consulem

137 2671 236 2824 ἒξῗίθῐῒ,
252 2672 425 2760 praemissis
447 2672 557 2756 literis,
572 2685 608 2737 ut
629 2673 663 2736 in
685 2686 841 2784 potestate
863 2693 936 2736 oum
952 2693 1018 2738 esse
1040 2684 1074 2738 et
1095 2671 1212 2740 adduci
1221 2685 1360 2800 fflppr

184 2845 261 2910 Vll.
287 2845 468 2910 Secundam
490 2869 558 2911 eam
578 2844 719 2926 Paullus,
735 2846 818 2911 siout
836 2858 915 2924 erat,
931 2847 1098 2913 victoriam
1115 2817 1292 2926 remanum

133 2931 283 3020 ⁴uictimas
309 2933 424 2999 oeoidit
449 2953 488 2998 eo
513 2933 648 3009 nunci03
678 2946 720 3010 et,
748 2932 883 2998 consilio
911 2933 1077 3012 advocato,
1103 2933 1212 3001 literas

136 3019 287 3106 praetoris
315 3023 413 3107 quum
443 3021 614 3099 recitasset,
642 3019 687 3096 Q.
702 3018 823 3085 AElium
849 3019 1055 3086 Tuberonem
1085 3021 1213 3088 obviam

135 3107 218 3192 regi·
232 3105 343 3172 misit:
367 3118 487 3172 ceteros
511 3126 641 3174 manere
665 3108 699 3170 in
726 3107 879 3190 praetorio
904 3106 1083 3194 frequentes
1106 3109 1212 3194 jussit.

138 3192 217 3258 Non
239 3193 317 3258 alias
332 3192 374 3259 od
396 3193 497 3259 ullum
519 3191 733 3278 spectaculum
753 3203 842 3258 tanta
862 3193 1036 3259 multitudo
1057 3194 1212 3260 obcurrit.

138 3279 275 3346 Petrum
289 3293 384 3356 aetate
400 3279 532 3368 Syphax
549 3302 607 3344 rex
629 3290 742 3364 captus
761 3279 796 3343 in
810 3291 912 3345 costra
929 3280 1077 3346 Romana
1091 3280 1213 3347 adduc·

138 3380 190 3432 tus
203 3380 290 3432 erat:
314 3381 530 3455 praeterquam
544 3365 632 3455 quod
653 3389 713 3430 nec
736 3389 802 3442 sua,
818 3388 876 3431 nec
898 3367 1001 3456 gentis
1022 3367 1108 3432 fama
1124 3390 1213 3433 com-

137 3455 313 3538 parandus,
330 3455 444 3520 ”tunc
493 3472 598 3541 noque
623 3453 760 3519 accessio
783 3452 897 3518 Punici
924 3453 998 3520 belli
1019 3453 1128 3532 fuerat,
1152 3454 1213 3520 sic·
1321 3479 1326 3490 ·

138 3553 175 3606 ut
206 3542 342 3608 Gentius
374 3476 589 3608 Macedonici.
636 3529 769 3606 Perseus
798 3553 895 3625 caput
922 3541 1003 3606 betti
1034 3553 1121 3606 erat:
1149 3559 1212 3608 nec

137 3627 238 3712 ipsius
267 3641 402 3707 tantum,
429 3628 563 3714 ⁸⁰patris
592 3628 714 3714 orique,
740 3649 820 3714 quos
849 3629 1004 3714 sanguine
1030 3651 1066 3693 ao
1094 3650 1212 3716 genere

519 3751 660 3822 ⁴²prosecuto
671 3752 746 3798 Gron.
759 3749 830 3798 Crev.
897 3755 900 3763 ⁴

169 3850 202 3898 st
220 3851 287 3898 Dum
304 3851 405 3912 penam
425 3847 566 3912 deferrem
592 3851 655 3905 lmo,
681 3849 777 3913 fuerat]
796 3851 871 3896 Recte
885 3849 950 3896 delet
960 3851 1098 3898 Gronovius
1109 3849 1212 3896 verbum

131 3922 269 3976 postquam
286 3916 391 3976 munia
405 3916 485 3963 delata
500 3921 545 3961 eat.
579 3913 657 3975 'ipso
681 3913 899 3976 sumt,tanquem
911 3916 1017 3962 otiosum
1033 3913 1126 3962 inducti
1136 3913 1212 3960 inter,

136 3981 255 4040 temporie
274 3986 375 4041 puncto,
392 3993 442 4042 quo
460 3981 566 4026 delatam
585 3980 616 4027 sd
631 3991 657 4026 se
689 3979 765 4040 pretis
775 3979 978 4026 additamentum.

131 4045 266 4106 pecuniam
277 4052 410 4106 acceperat.
723 4044 756 4091 80
772 4042 857 4089 Putria
873 4044 965 4104 avique,
980 4045 1175 4104 quoe-ungulae>
1185 4055 1213 4091 re

171 4109 203 4156 28
221 4109 327 4166 Quorum
343 4111 370 4156 in
384 4109 467 4171 tarpio
480 4109 558 4172 aaut]
580 4109 660 4156 Vetus
688 4121 774 4170 geom
794 4103 950 4176 maneta]
982 4108 1087 4155 Mirum'
1101 4117 1174 4170 tero,-
1188 4109 1212 4154 ri

135 4177 214 4222 codex
232 4177 311 4222 sentit
328 4177 506 4238 praepositione.
540 4175 610 4221 Unde
625 4175 660 4220 le·
690 4173 834 4235 oognatione
844 4173 975 4232 attingeret
986 4179 1082 4234 patrem
1092 4173 1118 4221 at
1127 4187 1212 4222 amm

135 4242 246 4300 gandmn
257 4241 483 4301 puteoGrsnovius,
495 4253 593 4302 quorum
603 4244 660 4286 tcm-
692 4237 798 4288 Videtur
808 4237 900 4298 atiqmd
910 4236 1068 4290 interemisse.
1085 4239 1213 4301 Lampou-

133 4304 203 4364 phtm
210 4310 269 4352 crat.
692 4304 733 4358 sit,
745 4301 830 4350 Patris
844 4303 935 4364 avique,
948 4307 971 4349 ct
986 4301 1114 4357 ceterorum
1129 4317 1212 4366 rogam

171 4367 203 4416 29
223 4368 388 4433 Tuncqacquc
402 4374 499 4420 accessio
510 4371 597 4418 Punici
609 4369 659 4417 belli
691 4365 871 4432 quorrongm‘itr
882 4369 1163 4431 cogeturcccatiagtdot.
