3154 4984
370 154 429 222 176
781 152 884 212 ΤΙΤΙ
913 151 1045 212 LlVll

203 325 342 378 uum
368 319 585 406 confingebat,
606 317 691 384 fains
715 329 921 403 conspectum
947 339 1020 384 eum
1045 313 1212 394 efficiebat,
1232 315 1289 382 sed
1312 315 1442 406 effulge·

203 393 274 442 Μ
286 394 343 442 ¹⁶⁸·
367 407 448 472 bant
464 405 631 492 Philippus
652 427 690 469 ac
706 403 848 491 Magnus
870 404 1067 483 Alexander,
1081 405 1136 490 qui
1157 425 1317 468 summum
1340 404 1442 488 impe·

367 495 450 558 rium
466 492 503 558 in·
515 493 593 557 orbe
607 505 762 556 terrarum
782 491 1001 556 Macedonum
1013 490 1164 555 fecerant.
1200 489 1328 556 ”Pullo
1343 493 1441 556 sinic-

367 593 418 645 tus
441 579 498 644 illo
523 579 656 644 Perseus
680 579 838 665 ingressus
864 591 912 642 est
936 591 1049 654 castis,
1074 576 1200 642 ³²nullo
1221 600 1362 650 suorum,
1378 578 1442 642 alio

368 667 494 743 comite,
511 665 566 752 qui
589 665 696 730 socius
719 663 905 728 calamitatis
932 662 1191 729 miserabiliorem
1216 686 1288 730 eum
1313 663 1440 730 faceret.

367 751 520 840 progredi
535 775 602 836 pris
618 753 712 816 turbs
727 752 965 816 obcurrentium
980 751 1022 816 ad
1044 753 1260 835 spectaculum
1281 773 1345 818 non
1368 765 1440 836 pot·

366 853 445 917 erat,
460 839 600 904 33donec
615 837 729 903 consul
752 838 879 903 lictores
901 838 1046 914 misisset,
1061 836 1117 921 qui
1139 839 1359 912 submovendo
1381 841 1442 902 iter

366 926 408 992 ad
435 927 621 1012 praetorium
648 924 798 990 facerent.
844 923 1055 990 Consurreiit
1076 923 1199 1005 consul,
1214 935 1257 1001 et,
1273 926 1368 1010 jussis
1392 947 1441 990 se·

366 1014 443 1079 dere
464 1013 545 1090 aliis,
561 1034 810 1099 progressusque
831 1011 985 1094 paullum,
1000 1010 1179 1075 introeunti
1201 1011 1268 1097 regi
1291 1011 1440 1076 dextram

366 1100 521 1185 porrexit.
544 1099 846 1181 submittentemque
860 1120 894 1160 se
908 1097 949 1162 ad
972 1097 1070 1182 peiles
1092 1097 1238 1162 sustuliti
1261 1120 1320 1162 nec
1335 1099 1440 1162 adtin-

365 1210 443 1275 gere
464 1209 570 1275 genua
596 1209 718 1271 passus,
733 1183 949 1250 introductum
974 1185 1005 1248 iu
1029 1184 1270 1248 tabernaculum
1291 1187 1442 1253 adversus

366 1276 535 1339 advocatos
551 1276 583 1336 iii
599 1271 765 1336 consilium
782 1271 946 1336 considere
957 1271 1060 1356 jussit.
1396 1331 1406 1354 ,

410 1361 508 1426 Vlll.
535 1360 643 1424 Prima
658 1358 856 1443 percontatio
879 1356 947 1434 suit,
964 1381 1026 1442 qua
1039 1358 1179 1424 subactus
1192 1357 1311 1442 injuria
1332 1370 1441 1443 contra

359 1450 507 1530 populum
523 1448 696 1510 Romanum
710 1445 818 1508 bellum
838 1455 902 1509 tum
916 1445 1028 1530 infesto
1042 1447 1147 1510 animo
1160 1447 1356 1527 accepissem
1382 1468 1442 1529 quo

202 1533 256 1586 0⁰¹·
268 1551 323 1614 01312
364 1557 396 1600 se
410 1555 594 1618 regnumque
607 1554 692 1596 muni
706 1533 750 1594 ud
769 1533 908 1595 ultimum
923 1532 1082 1596 discrimen
1102 1534 1291 1596 adduceret?
1316 1531 1438 1610 Quum,

202 1602 348 1662 ⁸⁶¹⁰q⁰¹t¹¹¹⁶
364 1641 551 1705 responsum
570 1617 831 1702 exspectantibus
853 1619 984 1695 cunctis,
1001 1631 1119 1682 terram
1134 1619 1274 1698 intuens,
1289 1617 1344 1682 diu
1362 1620 1440 1682 tuci·

363 1721 415 1773 tus
436 1707 536 1782 fleret,
552 1728 680 1769 rursum
695 1704 825 1769 consul:
849 1705 886 1768 Si
897 1704 1024 1789 juvenis
1045 1727 1170 1790 regnum
1192 1707 1366 1788 accepisses,
1382 1708 1440 1770 rni-

364 1817 421 1860 uus
442 1796 579 1878 equidem
600 1796 744 1868 mirarer,
762 1795 920 1876 ignorasse
941 1803 981 1869 te,
997 1815 1087 1876 quom
1106 1793 1216 1877 granis
1237 1802 1293 1856 aut
1313 1793 1439 1868 urricus,

364 1891 419 1946 aut
441 1883 583 1945 inimicus
597 1890 672 1947 esset
685 1881 820 1962 populus
832 1880 999 1942 Romanus.
1022 1901 1103 1944 nunc
1116 1900 1197 1955 uero,
1214 1899 1303 1962 wem
1318 1889 1348 1942 et
1363 1879 1441 1942 bello

357 1970 466 2052 putris
490 1970 548 2044 tui,
572 1968 654 2050 quod
675 1967 825 2030 uobiscum
846 1967 952 2049 gessit,
972 1966 1172 2049 interfuisses,
1196 1975 1225 2029 et
1244 1966 1336 2048 pacis
1352 1977 1440 2047 post·

364 2078 412 2133 eii,
435 2075 526 2138 quum
547 2075 612 2118 cum
633 2075 749 2116 summa
759 2053 832 2134 fide
854 2053 998 2116 aduersus
1020 2074 1087 2114 nim
1110 2053 1265 2128 coluimus,
1287 2054 1439 2116 meminis-

363 2163 419 2217 ses,
443 2142 525 2225 quod
552 2139 720 2216 consilium,
745 2159 870 2221 quorum
894 2147 924 2200 et
947 2139 1009 2202 uim
1029 2138 1116 2215 bello,
1140 2149 1170 2202 et
1187 2141 1282 2221 fidem
1307 2141 1439 2220 inperce

363 2237 686 2311 expressissima
709 2227 750 2289 iis
773 2224 833 2290 tihi
857 2224 965 2288 bellum
989 2247 1165 2308 esse,·qucrn
1184 2248 1304 2308 paceni,
1321 2225 1437 2288 malle?

364 2315 435 2380 Nec
463 2315 687 2402 iuterrogatus,
714 2333 773 2376 nec
802 2325 968 2375 accusatus
993 2333 1093 2396 quum
1124 2311 1347 2397 responderet;
1384 2313 1439 2376 Ut-

363 2423 488 2488 rumque
509 2411 612 2468 tamen
628 2401 702 2475 liaec,
723 2400 784 2464 sine
807 2413 913 2462 errore
937 2399 1078 2475 humano,
1099 2419 1151 2463 seu
1172 2421 1253 2480 cusu,
1268 2421 1321 2463 seu
1341 2420 1439 2468 neces·

362 2491 457 2554 situtc
479 2487 786 2564 inremissionem
807 2486 941 2550 animum
960 2485 1053 2551 liobe.-
1076 2485 1233 2550 multorum
1255 2507 1370 2570 regum,
1384 2508 1440 2568 po-

357 2578 502 2659 pulorum
524 2575 643 2638 cusilius
662 2575 789 2657 cognita
807 2574 921 2654 populi
934 2572 1074 2636 Romani
1094 2573 1253 2637 clementia
1277 2594 1338 2634 nori
1353 2575 1441 2638 niodo

223 2711 225 2720 .
347 2684 445 2744 ,spem
467 2661 537 2737 tibi,
553 2663 606 2725 sed
618 2657 646 2748 δῖ
648 2680 750 2740 prope
763 2668 876 2721 certum
878 2658 1033 2742 fiduciam
1047 2659 1165 2734 salutis,
1176 2661 1306 2740 prceliet.
1354 2658 1441 2724 Haec

235 2771 244 2780 ·
365 2748 485 2812 Graeco
518 2767 665 2810 sermone
696 2745 830 2808 Perseo:
863 2744 976 2808 Latine
1009 2743 1124 2808 deinde
1153 2745 1228 2821 suis,
1256 2747 1440 2828 Exemplum

285 2825 298 2854 '¹
365 2836 490 2918 insigne
503 2834 640 2906 cernitis,
657 2829 771 2916 inquit,
786 2833 967 2896 remotionis
980 2853 1081 2896 rerum
1095 2832 1307 2898 humanarum.
1348 2831 1441 2898 Vobis

363 2921 420 2984 linc
439 2921 599 3002 principue
622 2918 702 2998 dico,
718 2916 1005 3001 juvenescere
1030 2920 1170 2983 secundis
1193 2919 1282 2982 cebris
1302 2919 1440 2990 nihilis

364 3026 543 3090 quanquam
561 3004 742 3086 superliciis
768 3005 916 3070 uiolenter
936 3006 1089 3069 consulere
1109 3006 1202 3080 decet,
1219 3027 1273 3068 nec
1287 3008 1442 3087 presenti

363 3094 487 3158 credere
496 3093 661 3177 fortunaei
684 3113 784 3176 quum,
800 3091 877 3176 quid
897 3113 1002 3176 uesper
1010 3092 1117 3176 serat,
1142 3094 1287 3159 incertum
1309 3093 1361 3156 sit.
1406 3093 1441 3157 Is

396 3317 427 3366 31
446 3317 519 3365 Pullo
533 3319 632 3365 omnini
651 3317 692 3364 illo
702 3314 815 3378 Perseus]
834 3317 884 3363 De·
918 3317 983 3363 hunc
995 3318 1076 3365 locum
1086 3329 1173 3364 sanum
1183 3331 1230 3362 non
1239 3329 1293 3364 esse
1304 3317 1442 3377 suspicatus

363 3390 494 3457 privatum
505 3384 571 3430 hunc
582 3385 664 3430 losum
672 3384 733 3430 varii
743 3382 817 3428 variis
827 3395 884 3428 eori-
917 3387 963 3430 est.
1366 3411 1373 3423 .

359 3449 462 3511 ,sciuris
477 3453 611 3496 tentarunt.
644 3447 714 3494 Nihil
727 3447 885 3507 probabilius,
949 3447 983 3495 33
997 3447 1078 3496 Donec
1105 3447 1184 3494 consul
1210 3448 1300 3496 fictores
1327 3447 1442 3512 misisset]

363 3527 437 3575 qusm
461 3513 527 3573 quod
549 3513 657 3574 suggerit
674 3512 821 3570 Gronovius,
843 3514 886 3572 qui
918 3513 1041 3560 Gronovio
1051 3513 1130 3574 megi
1142 3514 1221 3572 placet
1231 3513 1305 3560 misit.

362 3588 449 3625 vocem
470 3578 511 3625 illo
533 3583 673 3637 corruptam
694 3590 746 3623 esse
766 3582 837 3636 putat
855 3591 886 3624 eii
950 3577 983 3624 34
1000 3577 1077 3638 Prope
1102 3583 1189 3632 cenam
1204 3577 1320 3638 fiduciam
1341 3575 1441 3640 salutii]

355 3643 422 3704 filio,
429 3649 454 3689 et
465 3648 584 3703 praterea
594 3642 659 3688 male
671 3637 799 3704 trajectum
811 3641 886 3688 inisse
919 3643 980 3690 nec
988 3639 1066 3706 jactat
1077 3643 1162 3690 consul
1174 3646 1248 3690 verbo
1259 3649 1340 3700 tenus,
1348 3657 1380 3688 ne
1391 3657 1443 3689 non

361 3709 389 3753 iii
399 3713 480 3754 vetere
490 3707 631 3767 exemplari.
649 3705 721 3766 Legit
732 3719 803 3766 ergoi
814 3705 886 3753 Pullo
918 3709 1007 3755 misero
1026 3708 1117 3768 aliquid
1137 3713 1222 3754 tamen
1233 3708 1272 3754 vel
1289 3707 1346 3753 vani
1361 3707 1443 3754 solani

363 3773 463 3819 cnutus
481 3771 582 3819 Persem
601 3773 720 3832 {sigrium
738 3774 772 3817 eit
790 3775 883 3827 castrii
918 3775 1034 3832 praebeat.
1065 3772 1170 3828 Qualem
1186 3773 1253 3820 enim
1270 3772 1375 3819 sulutem
1391 3774 1441 3820 Ro-

354 3836 494 3898 ffliofliullc
503 3849 599 3884 iumnm
608 3836 752 3882 cliccomlts.
917 3839 986 3884 marii
1001 3837 1169 3899 prestiterunt
1186 3837 1294 3886 Perseo?
1310 3851 1360 3898 quo
1376 3839 1443 3886 ultra

395 3901 427 3950 32
444 3902 518 3949 Nullo
543 3915 639 3948 summ
664 3901 710 3946 ulio
732 3902 825 3960 comiti,
845 3903 885 3962 qus·
917 3915 1002 3950 cornui
1019 3905 1131 3963 superbis
1141 3909 1167 3950 et
1177 3904 1309 3951 crudelitas
1325 3904 1443 3950 uicies

360 3965 594 4028 icciuscclcmuain]
612 3964 739 4012 Nimirum
750 3966 816 4012 solui
827 3980 885 4013 cum
918 3972 1022 4026 poterat,
1033 3981 1108 4028 quum
1118 3975 1147 4015 ut
1158 3970 1313 4016 traducerent
1325 3979 1385 4014 eum
1399 3981 1443 4027 per

362 4033 412 4079 ilio
420 4032 542 4078 minorem
552 4031 743 4078 misericordiam
752 4030 886 4091 fletumque
917 4031 1009 4078 civium
1026 4045 1077 4086 ora,
1097 4046 1125 4079 ac
1147 4034 1235 4080 deinde
1255 4033 1282 4078 in
1304 4032 1442 4080 custodum

361 4099 475 4146 movebat
485 4096 631 4150 videntibus,
640 4109 716 4157 quam
724 4094 746 4141 si
754 4109 814 4155 grex
821 4097 886 4143 circs
917 4093 1086 4159 conjicerent?
1103 4096 1129 4142 Si
1140 4096 1203 4143 lianc
1215 4097 1295 4145 Paulli
1305 4097 1442 4144 emtionem

361 4173 420 4208 eum
439 4161 565 4222 plangeret
581 4162 728 4220 amicorum,
738 4160 885 4222 luctumque
918 4160 1004 4208 Livius
1017 4162 1098 4219 linxit,
1110 4174 1167 4207 sune
1181 4162 1317 4211 daritim
1328 4162 1443 4210 videmur

360 4227 515 4274 incenderet:
532 4226 599 4285 quod
614 4225 661 4286 ipsi
671 4223 775 4286 contigit
788 4232 882 4286 mites,
915 4226 1040 4287 scriptoris
1057 4223 1196 4288 judiciumi
1221 4226 1242 4274 si
1263 4227 1365 4276 Paullus
1383 4238 1440 4276 vers

360 4300 440 4350 quum
456 4291 482 4335 iii
496 4290 624 4350 triumpho
637 4291 730 4338 AEmil'il
745 4291 883 4338 duceretur.
916 4291 1011 4349 habuit,
1023 4291 1129 4339 consulis
1142 4291 1223 4340 iidem.
1303 4337 1309 4346 ,

362 4355 418 4401 Hoc
440 4354 494 4401 ideo
517 4355 665 4412 nausimus,
688 4355 745 4417 quis
767 4351 884 4418 Dujstius
