3056 4976
318 200 385 256 cxvi
654 196 684 256 J.
712 193 780 254 FR.
809 189 1070 254 GRONOVII

319 361 478 428 mmoclrus
503 359 623 425 Denter
648 361 685 425 V.
708 360 754 426 C:
768 359 926 425 emendavi
949 359 992 424 ad
1014 354 1182 443 euernplum
1201 357 1340 442 parentis
1356 357 1427 421 'mei
1513 397 1514 428 2

323 447 531 514 Clementiam.
575 446 765 512 Victorianus
792 445 828 510 V.
851 445 886 511 C.
906 443 1104 510 emendatam
1125 445 1262 515 Domm.
1279 445 1422 530 Symma-
1513 453 1514 516 ξ

321 537 395 601 aab.
435 533 509 597 Hos
524 533 652 618 excepit
667 533 857 610 Glareanus,
873 555 938 618 quo
952 531 1181 618 dixi‚'primum
1197 553 1293 597 anno.
1331 528 1423 608 Quid
1513 529 1514 568 ³

320 638 425 686 autern
438 621 479 684 de
490 617 539 682 his
550 619 684 684 senserit
699 619 737 684 P.
750 618 922 696 Victorius,
934 619 1041 703 prodit
1053 618 1094 684 cd
1109 631 1256 706 quartum
1270 616 1424 683 Rhetorie
1513 611 1514 640 ¹

321 729 434 772 corum
452 706 491 769 ad
511 705 728 786 Herennium,
740 705 897 770 scribens:
917 706 1063 770 Germani
1077 717 1177 770 autem
1191 725 1287 788 nuper
1297 706 1422 768 cumb·
1513 739 1514 750 .

321 816 389 858 arm
404 793 606 871 restituerunt,
622 793 674 879 qui
698 793 736 856 T.
753 792 835 857 Liuii
857 791 954 871 librom
978 812 1054 878 qnos
1078 792 1220 875 temporis
1242 799 1381 856 uetustas
1394 799 1424 853 et

321 881 474 946 hominum
494 879 610 945 incuria
624 901 683 942 uon
696 878 869 961 abrumpsit,
885 899 999 942 sumum
1014 879 1088 942 curo
1102 889 1133 942 et
1147 877 1307 966 diligentia
1321 898 1428 941 entur--

320 968 409 1035 datos
423 966 589 1030 ediderunt.
602 967 701 1030 Anno
711 985 831 1031 munrv.
847 963 1050 1030 Sebastianus
1062 963 1230 1066 Gryphius
1243 963 1357 1029 charta
1370 966 1424 1027 iu·

320 1051 488 1139 δικαπόχῳ
499 1063 531 1117 et
542 1051 665 1117 minuto
677 1051 860 1116 charactere
870 1051 991 1136 primus
1001 1063 1133 1117 arctant
1144 1051 1282 1128 Livium,
1287 1049 1424 1200 priapo,-

321 1140 382 1205 sita
394 1139 520 1204 Erasini
532 1150 656 1204 tantum
667 1137 709 1203 ad
720 1137 917 1224 Mohtjoium
928 1137 1070 1222 epistola,
1080 1137 1159 1203 nihil
1168 1139 1236 1224 ipse
1243 1160 1287 1222 po
1310 1137 1425 1202 icitusr'
1457 1199 1458 1206 ,

321 1224 587 1311 deprehendimus
597 1237 702 1290 tamen
717 1226 863 1310 quaedam
875 1246 1014 1288 novasse.
1026 1226 1215 1312 insequente
1226 1243 1332 1288 manv.
1345 1223 1424 1288 Coe·

319 1311 383 1378 lius
394 1313 560 1378 Secundus
570 1311 671 1376 Curio
681 1309 897 1398 Hervugianae
905 1309 1057 1375 auxilium
1067 1311 1374 1396 praestititetsuper
1382 1311 1425 1374 is·

322 1411 441 1476 torum,
453 1398 619 1485 Vallaeque
631 1398 808 1476 Laurentii,
822 1410 854 1462 et
871 1396 1018 1462 Sabellici
1031 1397 1141 1462 Coccii
1150 1397 1266 1462 mixtas
1277 1396 1424 1462 animad-
1513 1397 1514 1460 Ῑ

320 1485 490 1564 versiones,
509 1507 575 1550 sese
589 1483 631 1549 ad
646 1484 801 1549 ducentos
823 1483 1006 1550 emendasse
1019 1483 1106 1550 locos
1120 1496 1153 1549 et
1166 1484 1302 1570 pristino
1323 1483 1425 1548 nitori
1513 1481 1514 1562 3

323 1571 493 1636 restituisse
504 1584 647 1636 testatur.
670 1570 857 1658 Eodemque
867 1571 937 1655 ipso
949 1569 1068 1635 Paulus
1080 1566 1248 1636 Manutius
1258 1582 1424 1636 auctorem
1513 1571 1514 1580 ¹

270 1687 272 1692 ·
321 1671 465 1723 nostrum
476 1657 517 1722 ab
528 1657 603 1722 Car.
617 1657 752 1745 Sigania
760 1679 888 1723 omnem
897 1656 979 1722 serio
987 1657 1187 1744 castigatum,
1197 1679 1269 1722 cum
1279 1656 1423 1744 ejusdem

323 1744 536 1830 locupletibus
545 1744 689 1822 scholiis,
708 1745 803 1809 etiarn
818 1744 852 1808 in
870 1742 1034 1828 Epitomss
1048 1745 1236 1826 amissorum
1251 1742 1422 1821 librorum,
1512 1781 1514 1824 q

322 1853 401 1918 ques
410 1831 532 1916 priores
542 1833 763 1918 neglexerant,
773 1831 804 1895 et
812 1853 896 1894 nova
906 1829 1073 1896 Chronolo
1096 1830 1327 1917 is‚publica'vit.
1344 1829 1426 1907 Quo
1513 1829 1514 1842 ¹

324 1918 436 2004 plausu
456 1931 635 2004 exceptum,
653 1917 742 1982 dicet
764 1917 846 1982 Adr.
863 1915 1037 1981 Turnebus
1094 1915 1119 1982 l.
1137 1917 1423 1982 Adversariorum:
1511 1945 1514 2006 q

325 2005 488 2069 Erroribus
502 2005 586 2070 Liuii
601 2004 811 2069 emharrriendie
831 2005 939 2067 bonam
946 2004 1131 2088 fidelemque
1151 2005 1277 2069 nouauit
1297 2025 1427 2086 operam
1513 2007 1514 2018 ¹

324 2091 374 2155 uir
397 2092 613 2156 &editissimas
641 2091 766 2155 Carolus
792 2090 954 2174 Sigonius.-
985 2111 1072 2176 quem
1097 2112 1155 2176 ego
1179 2100 1209 2154 et
1235 2090 1427 2174 antiquitatis
1511 2135 1514 2176 ,4

325 2177 546 2262 peritissimum,
585 2187 613 2241 et
656 2178 795 2242 heremum
825 2176 1004 2260 scriptorum
1045 2177 1355 2266 intelligentissimum,
1378 2186 1427 2240 :et
1511 2181 1514 2192 ¹

326 2264 557 2330 nudissimum
585 2264 741 2328 nominare
768 2263 955 2328 meritissimo
981 2283 1122 2345 possum:
1153 2273 1198 2341 ut,
1223 2262 1350 2348 siquid
1374 2283 1425 2326 re-

326 2351 434 2435 liquum
455 2352 494 2416 sit
512 2353 545 2416 in
560 2350 659 2429 Livio,
677 2352 877 2436 pereuigrmm
898 2350 994 2414 uideri
1014 2351 1131 2426 debeat,
1146 2349 1179 2413 in
1192 2371 1252 2434 quo
1268 2350 1327 2414 leui
1346 2369 1424 2430 par-
1513 2397 1514 2430 ἐ

325 2458 423 2522 voque
435 2459 528 2524 opera
543 2437 597 2501 olii
611 2435 827 2524 defungantur.
874 2435 1002 2502 Scholia
1013 2435 1155 2523 sequenti
1169 2455 1254 2502 enno
1264 2447 1300 2500 et
1316 2431 1429 2499 curo:
1512 2443 1514 2454 “

328 2524 490 2612 nologiam
502 2523 692 2609 octuplicata
702 2521 822 2602 charta,
833 2534 923 2587 tomo
937 2522 1091 2609 singulari
1103 2520 1191 2588 dedit
1198 2521 1348 2588 habenda
1357 2521 1426 2587 Ba-
1511 2531 1514 2604 g

327 2611 415 2675 sileae
438 2609 509 2675 Nic.
530 2609 731 2694 Episcopius.
774 2608 889 2674 Paulus
910 2608 1057 2695 repetivit
1069 2630 1158 2674 auam
1174 2629 1260 2674 anno
1274 2627 1427 2675 suumn:
1513 2613 1514 2629 ¹

325 2697 360 2762 in
376 2719 439 2783 qua
452 2695 524 2781 plus
545 2697 681 2761 detraxit
692 2693 819 2760 scholiis
830 2717 925 2782 quam
936 2694 1059 2761 addidit
1072 2694 1240 2784 Sigonius:
1259 2697 1428 2782 ¹eaque-sic
1513 2766 1514 2780 q

325 2795 507 2862 retractata,
521 2781 725 2868 interpositis,
740 2803 813 2870 quae
828 2794 883 2847 aut
896 2782 1108 2870 objectaveret
1131 2781 1348 2860 Robortellus,
1368 2796 1428 2850 aut
1513 2789 1514 2864 J

326 2891 455 2934 suorum
463 2867 1429 2943 encusavcrat(silamanus,inFrancosurtensemastruxeramus.¹
1513 2875 1514 2884 ¹

325 2954 486 3021 transtulit
502 2955 556 3020 Fr.
573 2953 718 3020 Medius.
748 2955 890 3021 Tertiam
901 2977 974 3020 oum
990 2956 1065 3022 solis
1079 2955 1259 3045 Sigonianis
1272 2956 1428 3058 suppedi-

248 3104 252 3120 ,
325 3043 405 3108 tavit
419 3040 523 3107 Aldus
533 3063 633 3126 nepos
648 3061 790 3108 muscus:
813 3043 864 3108 cui
876 3062 1033 3108 accessere
1042 3043 1120 3108 Car.
1134 3043 1258 3130 Sigonii
1270 3042 1427 3108 Limane-

323 3149 397 3194 rum
406 3127 599 3193 scholiorum
611 3128 729 3215 aliquot
737 3127 935 3194 defensiones
944 3129 1094 3196 adversm
1104 3127 1298 3196 Glareanur'u
1308 3143 1342 3194 et
1355 3128 1428 3195 Ro·
1513 3135 1514 3148 ¹

325 3213 506 3281 bortellum.
535 3215 609 3280 Jani
625 3216 875 3282 Gruteri-tribus
891 3235 1007 3282 nomeu
1022 3228 1069 3282 est
1082 3215 1275 3282 editionibus
1288 3215 1427 3283 volentis
1513 3261 1514 3268 κ

324 3303 531 3388 praepositum
546 3301 755 3380 Francottnti,
770 3303 818 3368 his
833 3297 995 3391 octuplici,
1012 3299 1216 3390 deinduplici
1230 3302 1358 3380 charta3
1373 3303 1428 3368 in-
1513 3315 1514 3322 ’

324 3387 512 3476 dignissime
522 3402 703 3476 postremae,
715 3411 789 3477 quae
799 3411 859 3476 per
869 3390 1042 3456 absentiam
1053 3390 1192 3456 auctoris
1202 3385 1234 3455 et
1242 3409 1427 3473 excessum,

267 3504 272 3512 ·
324 3475 391 3561 (cui
412 3474 524 3560 primis
546 3475 740 3561 praeiationis
754 3476 858 3541 verbis
880 3477 1049 3542 mirificum
1072 3499 1167 3542 omen
1189 3475 1337 3560 dedemt)
1352 3497 1426 3562 -per
1513 3555 1514 3558 Ἴ

323 3582 494 3648 operarum
508 3562 664 3628 incuriam
678 3570 711 3627 et
723 3563 910 3628 correctoris
924 3562 1156 3649 impudentiam
1172 3561 1294 3629 mendis
1309 3575 1427 3630 scatet.
1513 3565 1514 3646 3

325 3648 425 3713 Anno
439 3667 566 3716 mucxv.
583 3648 773 3737 Bumbergae
790 3649 933 3716 Hectore
949 3649 1103 3716 Comauio
1118 3647 1427 3738 imperialia-Eccle-
1513 3657 1514 3738 l

322 3735 381 3800 sire
389 3735 526 3801 Deceno
533 3735 757 3808 bibliothecam
767 3735 927 3821 publicam
935 3748 1181 3826 recognoscente
1188 3735 1428 3803 retransferen-
1513 3743 1514 3820 t

321 3833 364 3902 te,
382 3821 435 3886 Jo.
452 3821 599 3887 Horrion
618 3821 776 3886 societatis
785 3822 1031 3902 iesuseeerdos,
1046 3823 1124 3889 dum
1139 3819 1280 3912 singulos
1294 3822 1428 3890 codices

320 3908 453 3986 excutit,
468 3908 502 3973 iu
518 3907 718 3973 membranas
731 3908 853 3988 incidit,
868 3911 1137 3998 quoeoomplures
1152 3910 1297 3977 T.Ltvii
1310 3909 1425 3988 libros,
1513 3925 1514 3992 ἲ

319 3995 353 4060 in
370 3995 418 4061 his
432 4006 555 4080 partem
569 3994 710 4079 priorem
730 4015 855 4064 xxxru.
878 3997 984 4063 adhuc
1005 3997 1216 4064 desideratam
1238 3996 1423 4063 servabant.
1513 3997 1514 4048 3

320 4080 419 4148 Unde
430 4080 611 4166 exemplum
622 4080 740 4150 factum
755 4083 851 4149 Fran.
865 4083 1033 4151 Bartolino
1042 4084 1195 4151 Urbinati
1207 4105 1274 4148 non
1286 4082 1425 4150 invidit:

305 4167 413 4253 ¹atquc
423 4167 451 4231 is
465 4167 499 4231 id
510 4167 653 4234 Venetiis
663 4186 737 4234 eum
749 4171 828 4236 Ant.
840 4169 1019 4262 Quaerengi
1035 4171 1163 4250 notulis,
1179 4169 1283 4236 multo
1297 4191 1426 4258 corree-

317 4253 379 4318 tius
387 4254 456 4340 ipse
462 4255 613 4320 inventor
624 4255 838 4323 paderbornae
848 4277 1001 4326 mumma.
1010 4258 1163 4345 protulit3
1179 4255 1425 4346 tacitoillequi·

275 4344 285 4382 t
315 4337 388 4404 dem
399 4363 457 4429 per
468 4341 656 4409 modestiam
671 4347 817 4424 nomine;
833 4345 888 4412 aed
899 4343 1173 4427 illudmcdocuit,
1189 4343 1246 4433 qui
1257 4339 1356 4412 iiim
1366 4363 1426 4410 ¹⁸·
1513 4429 1514 4444 .
