3154 4984
339 204 397 267 no
537 295 540 304 ,
640 245 644 256 .
685 198 833 264 ⁴‘riri
861 183 1012 262 urvrr'
1048 207 1089 246 -t

169 383 201 436 u.
212 384 241 432 o.
250 381 307 431 tto
333 371 468 436 tiodiem
480 389 583 457 regem
598 370 674 434 doto
688 371 731 434 od
743 368 847 434 omniu
859 367 1035 451 puluinaria
1045 377 1154 445 errent,
1169 373 1257 430 tosto
1273 363 1315 442 0,
1324 363 1404 429 Gor·

170 451 203 501 ¹⁴·
217 448 309 498 ⁰³⁶⁷·
333 459 436 535 riuum
448 455 512 522 Μ’.
528 456 686 522 ,iuventius
699 465 844 538 pretores
857 464 998 520 umorem
1012 455 1129 518 dontio.
1234 507 1236 516 ι
1273 503 1278 514 .
1416 501 1418 510 .

379 543 495 608 XVII.
519 543 659 631 Legatos
674 541 801 620 deinde,
817 563 954 628 quorum
969 539 1011 606 de
1026 540 1183 612 sententia
1197 539 1405 624 imperatores

295 679 299 690 .
334 631 376 700 L.
394 629 535 707 Paullus,
552 629 591 694 1,
609 628 742 694 Anicius
764 633 995 714 componerent
1015 649 1076 706 res,
1091 621 1406 702 decreveruntiide-

169 740 290 804 negaum
319 781 321 790 ,
336 739 406 783 oem
418 717 452 782 in
465 716 703 794 Macedoniam,
734 715 853 802 uinque
863 715 896 779 in
910 713 1085 802 Illyricum.
1124 715 1163 780 In
1176 711 1405 778 Macedonium

168 805 323 882 M⁸⁶0⁶⁰¹¹¹1
338 816 413 870 sunt
427 803 460 867 hi
482 802 647 881 nominati,
668 805 708 867 A.
750 802 906 868 ostumius
923 802 1057 878 Luscus,
1075 795 1407 879 C.;Claudius‚›a1uho

170 869 318 932 'muni'
337 890 483 968 censorii,
502 889 540 955 C.
558 889 701 955 Licinius
724 889 867 966 Crassus,
893 887 1017 976 collega
1040 889 1074 952 in
1099 886 1265 958 consulatu
1281 883 1406 960 Peullis

337 991 408 1045 tum
424 989 596 1063 prorogato
615 977 752 1060 imperio
773 976 968 1060 provinciam
984 974 1124 1042 Galliam
1138 973 1294 1062 habebat.
1320 1029 1322 1034 .
1341 971 1407 1037 His

337 1063 556 1130 consularibus
585 1062 738 1128 addidere
760 1063 822 1128 Cn.
839 1062 1022 1127 Domitium
1046 1060 1308 1138 Ahenobarbum,
1337 1059 1406 1126 Ser.

310 1208 313 1213 .
337 1150 524 1218 Cornelium
541 1149 677 1226 Sullam,
695 1148 890 1226 L.Junium,
904 1148 942 1214 C.
959 1149 1136 1214 Antistium
1152 1147 1347 1225 Labeonem,
1363 1145 1406 1211 T.

338 1236 825 1324 Numisium'l'arquiniensem,
845 1238 889 1307 A.
911 1235 1101 1303 Terentium
1126 1236 1320 1312 Varronem.
1365 1233 1406 1298 In

337 1325 505 1412 Illyricum
519 1337 626 1391 autem
642 1322 676 1386 hi
691 1323 856 1400 nominati,
875 1321 911 1386 Ρ..
927 1321 1031 1388 AElius
1046 1322 1148 1410 Ligus
1162 1320 1347 1398 consularis,
1365 1320 1404 1384 C.

338 1413 511 1488 Cicereius,
527 1423 559 1475 et
575 1409 635 1474 Cn.
653 1409 783 1475 Baeblus
799 1407 1002 1493 Tamphilus,
1019 1409 1086 1494 (hic
1107 1410 1214 1493 priore
1236 1429 1332 1484 anuo,
1350 1407 1405 1472 Ci-

335 1499 458 1566 cereius
470 1497 580 1562 multis
595 1510 671 1562 ante
680 1497 771 1562 annis
786 1509 905 1579 praetor
919 1494 1036 1577 luerat)
1054 1495 1090 1560 P.
1108 1495 1279 1561 Terentius
1293 1493 1405 1564 'uuaeiv

338 1585 495 1662 veicunus,
513 1584 551 1649 P.
570 1583 750 1650 Manilius..
781 1582 902 1648 Moniti
915 1580 1031 1648 deinde
1050 1582 1195 1648 consules
1210 1605 1229 1646 e
1245 1581 1404 1658 Patribus,

338 1686 384 1749 ut,
416 1672 564 1757 quoniam
602 1671 735 1746 alterum
767 1691 808 1736 ex
838 1671 889 1733 his
918 1668 1087 1734 succedere
1117 1669 1155 1735 C.
1178 1669 1318 1746 Licinio,
1348 1667 1404 1754 qui

336 1759 460 1847 legatus
475 1758 657 1824 nominatus
670 1771 750 1833 eret,
766 1758 798 1821 in
815 1755 955 1822 Galliam
971 1769 1144 1842 oporteret,
1158 1755 1265 1842 primo
1278 1776 1406 1843 quoque

337 1858 482 1930 ternpore
503 1845 684 1930 provincias
704 1857 760 1910 eut
779 1857 1003 1928 compararent
1024 1844 1107 1909 inter
1122 1865 1166 1926 se,
1182 1854 1239 1908 aut
1256 1842 1406 1908 sortiren-

333 1946 400 2010 tur,
416 1933 519 1998 sortiti
534 1944 620 1998 sunt.
667 1930 717 1996 M.
730 1931 830 1996 Junio
847 1930 931 1996 Pisae
949 1930 1160 2012 obvenerunt,
1177 1935 1287 2016 (quem
1305 1927 1404 2014 prius,

335 2041 432 2106 quam
447 2019 481 2082 in
505 2019 701 2105 provinciam
719 2018 790 2095 iret,
807 2017 990 2104 legationes,
1006 2039 1091 2104 quoe.
1101 2017 1254 2103 undique.
1266 2017 1404 2082 Romam

333 2105 531 2190 gratulatum
560 2118 791 2181 convenerunt,
815 2103 1020 2170 introducere
1044 2103 1077 2168 in
1102 2115 1248 2172 senatum
1271 2102 1405 2189 placuit)

332 2192 380 2270 Q
396 2191 487 2258 AElio
502 2191 620 2258 Gallia.
666 2191 815 2257 Ceterum
828 2190 1110 2277 quemquam'tsles
1121 2191 1180 2256 viri
1195 2190 1411 2271 mitterentur,

333 2301 472 2368 quorum
488 2279 530 2344 de
543 2279 675 2344 consilio
697 2277 819 2363 sperari
841 2294 957 2362 posset,
973 2279 1180 2362 imperatores
1200 2276 1280 2342 nihil
1299 2275 1407 2363 indig-

336 2388 414 2434 num
431 2389 490 2432 nec
512 2366 679 2432 clementia
694 2388 753 2430 nec
767 2365 923 2448 gravitate
939 2364 1050 2450 populi
1068 2364 1208 2432 Romani
1221 2363 1407 2430 decreturos

332 2455 534 2534 esse,‚tameu
558 2454 591 2517 in
615 2467 725 2518 senatu
775 2474 878 2538 noque
902 2453 1021 2538 agitate
1042 2465 1088 2516 est
1111 2473 1236 2518 summa
1256 2450 1405 2516 oonsilio-

336 2563 421 2620 rum,
431 2555 469 2606 ut
483 2541 633 2606 inchoata
644 2475 865 2629 omniadegeti
880 2538 921 2603 ab
936 2540 1032 2603 domo
1046 2537 1128 2604 ferre
1142 2538 1185 2603 ad
1198 2538 1407 2624 imperatores

168 939 257 987 rleum.

361 2642 481 2694 ossent.
585 2673 588 2676 -
638 2685 640 2690 .
1004 2673 1006 2682 ι
1238 2671 1241 2682 .
1276 2675 1279 2682 .

175 2728 200 2776 s.
211 2727 240 2777 c.
251 2728 282 2776 oe
336 2649 360 2713 p
380 2715 511 2780 XVIII.
535 2717 683 2779 Omnium,
697 2711 828 2797 primum
842 2715 950 2779 liberos
973 2735 1035 2779 erse
1054 2712 1200 2799 placebat
1215 2712 1408 2778 Macedones

172 2792 429 2886 Macedoniautque
450 2801 584 2885 Illyrios,
611 2812 643 2864 ut
667 2803 804 2866 omnibus
829 2802 967 2886 gentibus
992 2803 1164 2884 adpareret,
1186 2819 1275 2864 ormo
1299 2801 1409 2882 pupuli

338 2888 474 2954 Romani
487 2909 547 2952 nort
562 2887 660 2952 liberis
672 2888 853 2964 seruiurtem,
868 2889 923 2951 sed
943 2898 1051 2952 contro
1071 2886 1266 2953 uenientibus
1287 2886 1409 2952 libertu-

259 2984 263 3001 ‘
339 2986 399 3040 tem
413 2971 535 3056 adferre
540 3005 553 3046 ,··
576 2984 610 3037 ut
625 2984 653 3038 et
667 2975 700 3038 iu
722 2975 861 3038 libertate
878 2983 984 3060 gentes
1006 2995 1073 3059 quae
1094 2983 1202 3050 essent,
1225 2969 1322 3038 tutem
1336 2995 1406 3037 eom

336 3063 392 3126 sibi
410 3071 646 3156 perpetuamque
659 3060 748 3125 ⁷⁵uth
773 3061 870 3124 tutelo
886 3061 997 3144 populi
1016 3062 1172 3125 Romanu
1188 3082 1260 3140 esse,
1283 3069 1323 3136 et,
1338 3081 1407 3144 quae

337 3151 391 3213 srrb
402 3149 527 3233 regibus
542 3148 681 3227 uiuerent,
698 3153 727 3212 ei
743 3149 775 3214 in
786 3169 921 3233 presens
941 3157 1058 3230 tempus
1078 3147 1214 3214 mitiores
1228 3168 1279 3212 eos
1290 3143 1408 3230 justio-

335 3257 440 3320 resque
453 3245 587 3316 respectu
599 3236 702 3317 populi
716 3235 856 3300 Rousoru'
878 3235 987 3300 habere
1000 3255 1041 3312 se,
1058 3245 1098 3312 et,
1114 3235 1276 3320 siquando
1297 3234 1406 3298 bellum

336 3343 399 3386 cum
409 3324 525 3406 populo
540 3323 682 3386 Romano
696 3323 817 3408 regibus
821 3319 936 3405 ftrhset
953 3322 1027 3402 ruis,
1042 3322 1156 3386 exitum
1191 3320 1201 3408 J
1250 3321 1408 3386 uictoriam

336 3408 501 3488 Romanu,
515 3408 573 3470 sibi
589 3409 757 3474 libertatem
772 3410 945 3475 adiuturum
960 3410 1120 3487 crederent.
1156 3407 1170 3451 ⁷
1192 3407 1320 3472 Metalli
1333 3430 1408 3493 quo·

336 3517 394 3579 que
402 3495 607 3572 Macedonici,
623 3499 702 3580 quod
723 3497 830 3582 ingens
847 3495 980 3582 uectigal
999 3505 1077 3576 erut,
1094 3494 1308 3581 lomtiouesque
1325 3516 1407 3578 pra·

329 3583 453 3648 'diorum
476 3583 656 3647 rusticorum
676 3581 742 3646 tolli
763 3581 917 3667 placebat.
940 3604 1013 3647 nom
1038 3604 1133 3667 neque
1156 3581 1225 3648 sine
1247 3581 1409 3664 publicano

702 3707 716 3736 ¹¹
730 3701 828 3792 [populi
838 3702 955 3787 Renum]
966 3704 1038 3752 crev.

368 3819 401 3870 tt
415 3821 502 3868 Decea
522 3823 549 3868 r'n
570 3820 745 3884 Macedonium]
761 3821 796 3868 At
812 3834 855 3866 no·
887 3833 935 3866 ner.
968 3818 1092 3866 Posterius
1114 3818 1193 3878 magis
1211 3816 1306 3877 placet·
1341 3817 1409 3870 Quid

334 3899 391 3934 vem
410 3891 509 3933 tantum
528 3887 696 3934 nominantur.
728 3885 855 3950 intercidit
888 3887 937 3932 sint
948 3885 994 3932 hoc
1005 3883 1189 3930 loeolooolioner
1199 3879 1409 3944 praesumm-

334 3964 414 3998 unum
435 3961 535 4007 nomen,
556 3952 622 4012 quod
643 3951 696 4000 Jao.
718 3951 856 3998 Gronovius
888 3952 998 4004 tionem,
1006 3949 1072 3994 haud
1082 3947 1262 3994 iacilederiuire
1270 3961 1410 4008 ροοειιιιιω.

333 4016 472 4075 suspicetur
481 4029 534 4064 esse
540 4017 570 4071 Q.
582 4017 671 4064 Marcii
681 4015 796 4077 Philippi.
889 4015 1002 4062 Fortasse
1012 4011 1059 4060 hoc
1069 4013 1256 4074 intelligendum
1263 4014 1338 4070 estde
1345 4025 1410 4072 prse-

328 4109 330 4114 ·
367 4081 399 4128 75
415 4080 548 4128 Subtutela
564 4079 782 4144 (metemus)
794 4079 853 4143 erre]
887 4080 943 4135 diis,
954 4092 1010 4139 quae
1021 4077 1148 4138 proprium
1163 4083 1244 4124 esseut
1254 4077 1411 4138 regum'illa·

333 4142 432 4206 Adjecit
442 4146 530 4192 merito
546 4146 659 4208 Sigonius
670 4147 714 4194 has
726 4159 797 4194 voees
810 4157 854 4206 po·
887 4145 1058 4192 oedonIeorum
1080 4142 1266 4203 patrimonium,
1282 4143 1349 4202 quod
1368 4155 1410 4190 vo·

329 4209 385 4272 peti
396 4209 511 4258 Ronrom'.
887 4221 973 4258 murus
981 4206 1253 4268 apudnoslerlomoiner
1265 4221 1321 4268 qum
1330 4219 1409 4268 quum

368 4273 399 4322 76
416 4273 514 4323 Metalli
529 4289 616 4340 quoque
629 4275 787 4339 Macedonio]
804 4275 857 4322 Du·
886 4275 1026 4322 locarentur
1043 4283 1059 4320 e
1075 4271 1182 4333 regibus,
1202 4285 1217 4319 e
1236 4272 1355 4321 RomsnIs
1371 4273 1411 4320 vel

335 4339 403 4385 bium
415 4353 467 4386 esse
478 4348 567 4401 potest,
578 4348 661 4399 utrum
672 4343 808 4389 haecverba
817 4353 855 4386 re-
889 4341 1038 4398 tenduntur,
1049 4338 1087 4386 vel
1099 4339 1229 4386 donantur.

334 4403 433 4452 serenda
449 4405 499 4452 sint
516 4407 548 4453 ad
559 4405 666 4468 uectigal,
678 4420 710 4453 an
721 4408 752 4454 ad
763 4405 856 4455 ocuto-
