3056 4976
130 2874 145 2904 ¹
152 2876 285 2925 sumanus
292 2879 381 2922 num
392 2856 560 2942 porrigens

130 2941 275 3007 buitim·
291 2965 412 3009 securata
432 2945 512 3028 quod
532 2943 606 3008 nelis
627 2945 722 3022 dicas,
744 2943 903 3007 traditurus
924 2944 1146 3008 mendaciorum
1166 2945 1298 3021 comites,
1313 2967 1388 3031 quos

129 3005 167 3056 do.

294 187 381 250 cx'rir
752 185 939 247 nucula
975 190 978 199 '

268 312 271 320 ‹
294 351 443 440 Majoris,
460 348 644 430 Flaminini,
661 349 769 429 Sulloe,
785 351 925 430 Luculli,
946 351 1092 430 Caesaris,
1116 351 1192 418 item
1214 301 1392 452 questione

296 441 445 518 Romana
459 441 514 504 25.
528 437 582 504 sed
598 438 668 502 sine
680 437 797 523 elogio.

350 525 519 591 Martialis
531 525 586 590 lib.
601 524 694 589 XIV.
711 527 823 610 Epigr.
841 531 914 590 190.
930 525 968 588 de
983 525 1077 591 licio
1092 527 1126 590 iu
1140 526 1332 592 membranis.

383 609 523 676 Pellibus
538 610 660 699 exiguis
673 623 815 676 arctatur
830 610 938 675 Livius
948 611 1073 700 ingens,

353 727 357 748 τ
425 696 534 773 Quem
548 719 619 762 mea
632 711 813 762 nontntum
829 696 1022 762 bibliotheca
1036 698 1132 784 capit.

566 786 692 849 Plinius
705 785 831 861 Juuior,
846 784 901 849 tib.
918 783 964 848 ΙΙ.
980 786 1066 867 epist.
1082 794 1115 851 3.
1222 833 1225 840 ·

339 869 556 957 Nunquamne
570 870 686 958 legisti,
701 869 897 935 Gaditanum
911 869 1092 956 quemdam,
1109 871 1151 935 Τ.
1166 869 1249 936 Livii
1260 873 1393 938 nomine

295 956 461 1046 gloriaque
474 971 679 1032 commotum,
694 955 736 1020 ad
750 955 916 1020 visendum
939 977 1012 1020 eum
1030 957 1071 1021 ab
1094 957 1210 1024 ultimo
1231 971 1391 1024 terrarum

295 1043 374 1110 orbe
388 1043 518 1120 venisse,
530 1043 712 1129 statimque,
728 1057 763 1108 ut
777 1042 909 1119 viderat,
925 1040 1065 1108 abiisse?
1245 1087 1249 1096 ·

348 1131 467 1196 Statius
482 1130 650 1215 Papirium,
665 1129 718 1194 tit.
734 1131 754 1192 1
760 1130 792 1192 V.
808 1130 888 1214 Sylc.
905 1135 934 1198 7.
949 1131 994 1194 ud
1007 1129 1181 1195 ddnuimum
1194 1132 1335 1199 Juuiunr.

384 1215 449 1282 Sed
464 1228 534 1281 tuas
548 1230 630 1281 artes
644 1237 725 1302 puer
738 1228 811 1280 ante
824 1215 938 1297 discat,

382 1303 491 1379 Omne
504 1301 575 1388 quis
589 1301 701 1368 mundi
717 1302 838 1366 senium
855 1321 1030 1379 remensus,

383 1389 467 1454 Orsa
483 1387 613 1454 Sallusti
627 1387 741 1464 brevis,
757 1401 789 1452 et
804 1385 931 1454 Timavi

469 1474 592 1540 Reddis
605 1473 780 1539 alumnum.

352 1563 504 1642 Justiurtr,
519 1563 574 1647 qui
592 1561 727 1647 Trogum
741 1562 906 1640 contrusit,
923 1561 974 1624 lib.
990 1560 1187 1628 XXXVIII.
1199 1562 1329 1633 Hister.

749 1656 753 1670 ’
781 1670 798 1711 c
841 1692 849 1710 .
887 1692 895 1710 .

340 1735 510 1821 Pompeius
522 1733 653 1823 Trogus
667 1733 699 1797 in
716 1669 854 1800 Liviilit
865 1656 901 1797 in
915 1729 1064 1798 Sallustio
1076 1732 1289 1818 reprehendit,
1301 1737 1391 1840 quod

295 1822 463 1889 condones
475 1821 612 1887 directas
623 1840 684 1905 pro
698 1843 755 1884 sna
767 1820 912 1890 oratione
922 1819 1009 1904 operi
1025 1842 1085 1886 suo
1099 1819 1392 1900 inserendo,h1sto·

295 1908 352 1974 rim
367 1908 498 1976 modum
512 1907 714 1972 excesserint.

577 1994 732 2058 Ausonius
745 1994 783 2056 de
796 1993 958 2077 staphylio
972 1991 1103 2058 rhetore.
1159 2074 1161 2076 Ι

339 2080 758 2148 GrammaticeadScaurum
768 2077 1390 2165 atqueProbum,promptissimerhetor.

382 2167 563 2234 Historiam
578 2167 694 2232 callens
708 2165 793 2230 Livii
807 2179 838 2230 et
854 2163 1023 2230 Herodoti.

573 2255 702 2318 Flavius
719 2252 864 2336 Vopiscus
878 2253 912 2315 iu
926 2252 1106 2320 Aureliano.

338 2339 510 2404 Assere'nte
519 2337 702 2416 Tiberiano,
713 2337 799 2426 quod
812 2336 914 2404 Pollio
923 2336 1022 2402 multa
1030 2336 1198 2414 incuriose,
1208 2335 1308 2403 multa
1317 2337 1391 2406 bre-

295 2425 375 2490 viter
396 2425 601 2511 prodidissem
626 2448 676 2490 me
698 2439 811 2491 contra
839 2423 973 2501 dicente,
995 2422 1155 2488 neminem
1181 2423 1387 2509 scriptorum,

293 2527 450 2600 quantum
466 2512 507 2577 ad
528 2511 691 2577 historiam
712 2511 859 2597 pertinet,
881 2531 945 2574 non
969 2509 1087 2596 aliquid
1110 2532 1178 2575 esse
1198 2511 1365 2578 mentitum
1377 2537 1388 2594 ς

293 2599 448 2684 prodente
484 2597 539 2662 uin
555 2599 660 2674 etiam,
678 2599 710 2661 in
730 2619 794 2682 quo
810 2597 928 2673 Livius,
944 2596 978 2661 in
1000 2619 1064 2681 qno
1081 2595 1257 2678 Sallustius,
1272 2597 1304 2662 in
1321 2621 1388 2687 quo

295 2683 463 2750 Cornelius
511 2684 619 2762 scitus,
635 2684 669 2748 in
684 2706 748 2768 quo
761 2683 898 2769 denique
912 2681 1052 2769 Trogus,
1067 2682 1240 2748 manifestis
1255 2685 1388 2753 testibus

293 2769 751 2919 convincerentur,pedibusdin
761 2769 947 2920 sententtiam
956 2769 1122 2922 tqsmsibtum
1132 2768 1386 2933 fariqnqgagsbneg.

596 2877 697 2942 Jucun
721 2877 772 2920 am
795 2877 863 2942 prae
877 2878 959 2933 eres,
998 2879 1043 2920 crr
1063 2879 1089 2934 e,
1106 2877 1194 2944 rnqm
1303 2882 1314 2923 a
1374 2885 1386 2924 .-

291 3031 447 3095 iristoricae
460 3030 640 3114 eloquentiae
654 3031 802 3094 miramur
815 3039 961 3094 areima.

508 3129 512 3136 “
704 3116 791 3180 Idem
806 3117 840 3179 iu
853 3113 969 3181 Probo.

336 3201 398 3266 Cn.
416 3200 602 3286 Pompeium
624 3201 726 3266 tribus
747 3200 790 3266 ful
815 3213 917 3266 entem
941 3198 1122 3286 triumphis,
1146 3201 1219 3266 belli
1243 3201 1385 3285 Piratici‚

291 3286 366 3352 belli
382 3288 568 3368 Sertoriani,
582 3287 657 3352 belli
674 3225 896 3364 Mithridatici,
912 3287 1145 3373 multarumque
1161 3309 1264 3352 rernm
1281 3307 1387 3377 gesta·

291 3395 362 3440 rum
379 3376 539 3440 ma'estate
553 3375 730 3452 sublimem,
741 3374 811 3462 quis
820 3373 949 3439 tandem
962 3386 1075 3452 nosset,
1084 3373 1143 3438 nisi
1159 3396 1231 3440 eum
1242 3373 1291 3440 M.
1305 3375 1386 3442 Tul·

291 3461 362 3541 lius,
378 3473 410 3527 et
458 3507 467 3526 .
484 3461 593 3526 Livius
606 3462 640 3526 in
655 3462 774 3528 litteras
788 3460 987 3526 retulissent?

747 3549 833 3612 Idem
848 3548 924 3611 ibid.

335 3633 379 3698 Et
393 3632 471 3698 mihi
483 3633 611 3721 quidem
626 3633 659 3698 id
671 3634 768 3699 animi
781 3627 851 3712 fuit,
863 3653 927 3697 nou
945 3643 979 3695 ut
996 3631 1174 3710 Sallustios,
1186 3633 1308 3717 Lirios,
1320 3637 1383 3704 Ta·

253 3763 256 3766 -
291 3721 379 3797 citos,
394 3721 531 3805 Trogos,
545 3734 641 3806 atque
656 3739 765 3783 omnes
779 3719 998 3785 disertissimos
1012 3718 1154 3784 imitarer
1167 3720 1260 3799 viros,
1276 3722 1310 3787 in
1321 3725 1385 3790 vita

292 3808 478 3893 Principum
501 3821 532 3871 et
547 3805 741 3894 temporibus
754 3805 939 3890 dirigendis,
954 3804 1008 3869 sed
1030 3803 1173 3871 Marium
1189 3805 1383 3890 Maximum,

292 3895 480 3960 Suetonium
508 3890 746 3978 Tranquillum,
773 3891 906 3957 Fabium
925 3889 1173 3971 Marcellinum,
1201 3894 1382 3983 Gargilium

290 3980 484 4056 Martialem,
496 3978 517 4043 J
520 3976 616 4042 ulium
629 3978 855 4066 Capitolinum,
866 3977 990 4044 AElium
1004 3977 1236 4064 Lampridium,
1248 3996 1384 4049 ceteros·

290 4091 362 4154 que,
378 4067 432 4217 qui
453 4065 523 4129 haec
544 4079 577 4130 et
597 4062 683 4144 talia,
699 4087 764 4132 non
787 4078 853 4130 tam
875 4066 990 4130 diserte
1010 4086 1106 4151 quam
1121 4089 1204 4144 vere,
1220 4071 1382 4137 memorie

314 4154 381 4219 rodi
404 4164 508 4218 erunt.

287 4178 311 4241 p
518 4238 697 4314 Ceramicus
710 4237 762 4302 tit.
776 4239 814 4302 da
828 4239 878 4303 die
893 4239 1009 4304 Natali
1021 4261 1090 4324 cap.
1109 4245 1159 4308 17.

333 4325 428 4392 Titus
444 4323 561 4391 'Livius
590 4324 672 4390 libro
701 4343 832 4390 cxxxvi.
875 4325 994 4391 Mein
1022 4346 1103 4391 cuno
1131 4329 1218 4394 ludos
1237 4333 1387 4397 seculares
