3120 4984
324 173 384 234 rra
712 177 824 256 mur
855 176 993 241 trvrr
1047 259 1049 263 Ι

156 360 299 412 -motet
324 361 399 408 oum
428 339 561 410 dimidia
590 342 755 426 copiarum
792 354 883 426 parte
912 342 1107 409 denunciare
1134 366 1192 429 per
1221 345 1306 414 vicos
1336 369 1390 412 ur·

162 423 298 476 *⁰²¹⁶st
324 429 452 514 basque,
480 450 553 512 quae
580 431 639 492 viae
666 429 855 516 propinquae
881 445 966 506 sunt,
993 431 1105 516 coepit,
1132 447 1166 495 ut
1194 448 1392 500 commeatus

324 515 521 599 expedirent,
545 513 708 596 frumenti,
734 516 809 592 vini,
834 537 986 600 pecorum
1019 518 1175 602 aucupia
1204 533 1294 584 esset.
1323 516 1395 605 ipsa

323 623 441 688 equos„
455 600 673 688 phalerasque,
694 613 725 666 et
749 603 867 690 sagula,
892 603 1011 667 donum
1038 604 1236 690 principibus
1254 605 1344 684 ferre,
1360 622 1393 676 et

324 709 437 774 parum
453 690 533 766 auri,
550 690 637 774 quod
653 691 735 753 inter
752 711 870 774 paucos
885 687 1050 766 divideret,
1070 690 1306 756 multitudinem
1319 706 1393 757 cre·

324 776 404 840 dens
418 773 503 844 trahi
523 797 578 858 ape
600 797 702 860 posse.
749 776 802 840 Ad
817 773 843 814 ⁴²
852 775 1023 840 Almanam
1049 777 1160 840 urbem
1181 778 1334 862 pervenit,
1359 791 1393 846 et

324 862 359 928 in
373 864 445 947 ripa
466 862 607 928 fluminis
628 862 704 926 Axii
727 862 833 944 posuit
856 875 971 928 castra.
994 862 1079 927 circa
1094 863 1338 930 ¹3Desudabam
1356 865 1391 933 iu

324 947 466 1018 Maedica
488 949 644 1014 exercitus
660 948 828 1015 Gallorum
852 951 1047 1026 consederat,
1065 950 1243 1016 mercedem
1265 965 1392 1036 pactam

321 1037 499 1121 opperiens.
545 1035 596 1100 Eo
617 1036 712 1100 mittit
728 1037 939 1123 Antigonum,
955 1059 996 1100 ex
1010 1038 1194 1122 purpuratis
1209 1059 1321 1117 unum,
1336 1039 1393 1126 qui

316 1123 457 1209 juberet,
478 1121 714 1187 multitudinem
737 1123 904 1187 Gallorum
928 1122 970 1186 ad
996 1122 1153 1208 Bylazora
1177 1124 1334 1209 (Paeoniae
1364 1125 1396 1200 is

321 1207 411 1274 locus
425 1209 485 1291 est)
501 1223 604 1277 castra
619 1231 756 1286 movere,
781 1210 941 1294 principes
965 1210 1005 1274 ad
1026 1232 1059 1273 se
1074 1211 1180 1274 venire
1201 1205 1391 1296 frequentes.

322 1295 348 1335 ⁴¹
357 1296 558 1384 septuaginta
572 1297 713 1382 quinque
728 1297 830 1370 millia,
843 1295 883 1359 ab
893 1297 977 1360 Axio
991 1295 1122 1360 flumine
1137 1311 1168 1361 et
1183 1298 1292 1362 castris
1306 1298 1394 1385 regis

322 1382 465 1448 aberant.
512 1383 595 1448 Haen
615 1383 767 1447 mandata
792 1381 833 1448 ad
859 1405 912 1446 eos
934 1405 1032 1468 quum
1051 1383 1232 1467 pertulisset
1251 1385 1396 1472 Antigoa

323 1493 394 1546 nus,
410 1469 646 1555 adjecissetque,
661 1492 719 1554 per
733 1471 817 1534 viam
828 1483 947 1555 quanta
962 1469 1105 1533 omnium
1120 1483 1299 1556 praeparata
1313 1491 1393 1548 cura

323 1557 407 1642 regis
430 1557 523 1639 copia
548 1556 744 1620 multitudini
769 1555 861 1633 foret,
883 1555 1060 1642 quibusque
1074 1557 1258 1622 muneribus
1273 1557 1393 1643 princi-

322 1665 379 1729 pes
394 1641 605 1722 adveuieutes,
622 1645 725 1722 vestis,
742 1643 874 1728 argenti,
890 1664 1107 1728 equorumque
1121 1657 1311 1728 excepturus
1333 1665 1394 1710 rex

323 1742 413 1807 esset,
429 1728 471 1793 de
484 1728 533 1792 his
548 1731 677 1817 quidem
693 1751 848 1796 securam
871 1729 1055 1816 cognituros
1074 1729 1278 1814 respondent.
1300 1729 1392 1809 illud,

324 1817 409 1900 quod
448 1838 604 1901 praesens,
622 1818 695 1904 pep'
720 1817 825 1894 issent,
856 1817 1063 1904 interrogant,
1088 1815 1236 1902 ⁴⁵ecquid
1264 1839 1395 1901 aurum„

324 1903 411 1989 quod
433 1904 465 1966 in
487 1904 628 1991 singulos
651 1841 772 1988 pedites
798 1903 981 1989 equitesque
1001 1902 1208 1968 dividendum
1231 1915 1320 1980 esset,
1344 1927 1393 1968 se·

324 2011 398 2054 curn
414 1989 620 2055 adduxisset?
654 1989 764 2066 Quum
781 1989 822 2054 ad
837 1989 870 2053 id
885 1989 965 2052 nihil
986 1989 1240 2074 responderetur,
1259 1989 1394 2054 Clondi-

324 2096 381 2140 cus
402 2075 533 2164 regulus
555 2098 676 2156 eorum,
692 2078 763 2154 Abi,
786 2078 931 2140 renuncia
951 2098 1034 2161 erga
1057 2077 1169 2162 inquit,
1192 2079 1270 2161 regi,
1294 2076 1394 2142 ⁴⁶nisi

325 2185 432 2228 aarum
457 2165 632 2248 obsidesque
656 2166 851 2246 accepissent,
867 2184 1014 2246 nusquam
1042 2164 1115 2227 inde
1139 2163 1248 2228 Gallos
1272 2165 1394 2247 longius

325 2250 481 2333 uestigium
496 2261 636 2316 moturos.
684 2249 769 2314 Haeo
783 2249 883 2314 relata
899 2250 967 2336 regi
988 2270 1088 2335 quum
1110 2262 1221 2326 essent,
1238 2249 1394 2314 advocato

324 2336 466 2412 consilio,
482 2359 591 2424 quum,
608 2336 686 2424 quid
708 2359 819 2404 omnes
842 2335 963 2400 suasuri
986 2349 1098 2412 essent,
1121 2337 1298 2421 adpareret,
1314 2335 1395 2422 ipse,

324 2425 479 2507 pecuniae,
494 2445 592 2509 quam
614 2424 715 2513 regni,
736 2423 849 2488 melior
872 2435 987 2502 custos,
1002 2423 1116 2486 institit
1140 2422 1181 2488 dc
1205 2423 1341 2506 perfidia
1362 2439 1396 2488 et

323 2509 447 2575 feritate
472 2509 640 2576 Gallorum
671 2511 833 2575 disserere.
878 2510 1047 2574 Multorum
1066 2509 1147 2593 jum.
1164 2519 1237 2574 unte
1259 2505 1396 2575 cladibus

325 2608 491 2679 expertum,
504 2599 706 2678 periculosum
727 2619 797 2675 esse,
810 2605 930 2662 tantam
948 2597 1169 2660 multitudinem
1192 2598 1226 2660 iu
1242 2597 1394 2661 Macedo-

326 2685 412 2746 niam
434 2685 580 2765 accipere,
602 2705 640 2747 ne
658 2685 820 2767 grauiores
834 2704 883 2746 eos
904 2685 1002 2746 socios
1023 2682 1166 2760 habeant,
1183 2705 1273 2766 quam
1298 2685 1396 2748 hostes

327 2769 496 2834 Romanos.
545 2769 688 2852 Quinque
702 2771 803 2833 millia
826 2771 958 2853 equitum
972 2779 1022 2832 sat
1036 2791 1107 2846 esse,
1124 2769 1229 2854 quibus
1242 2780 1273 2833 et
1288 2771 1338 2834 'uti
1352 2771 1397 2833 ud

329 2855 438 2918 bellum
448 2865 582 2936 possent,
595 2865 623 2920 et
638 2877 762 2939 quorum
773 2855 993 2920 multitudinem
1005 2857 1067 2941 ipsi
1081 2877 1141 2918 non
1155 2858 1294 2920 timeant.

373 2938 527 3006 XXVII.
550 2939 768 3026 ⁴⁷Adparebat
789 2941 822 3004 in
846 2941 1005 3022 omnibus,
1020 2940 1199 3006 mercedem
1214 2941 1394 3007 multitudi-

327 3027 378 3091 nis
393 3027 514 3104 timere,
531 3028 779 3116 necquidquam
795 3027 899 3092 aliud:
923 3028 988 3104 sed,
1004 3049 1104 3113 quum
1126 3027 1258 3094 suadere
1279 3049 1394 3094 cousu-

328 3111 406 3180 lenti
430 3135 527 3178 nemo
555 3116 697 3195 auderet,
723 3107 895 3181 remittitur
917 3114 1109 3202 Antigonus,
1133 3115 1188 3202 qui
1213 3117 1392 3195 nunciaret,

360 3321 392 3370 42
410 3324 547 3388 Almanam]
564 3326 640 3373 Jubet
654 3327 703 3387 legi
718 3326 848 3374 Turnebus
912 3323 945 3372 ΛΑ
960 3324 1116 3386 Septuaginta
1125 3325 1224 3388 quinque
1234 3324 1323 3390 millia]
1334 3326 1396 3372 laeu·

327 3387 453 3448 Albanam,
470 3395 495 3436 et
506 3390 610 3451 intelligi
628 3406 682 3438 eam
694 3393 847 3452 urbemque
879 3403 919 3438 cas
931 3396 1049 3436 nostrates
1057 3387 1097 3438 25.

327 3466 343 3499 a
354 3453 486 3500 Ptolemae
506 3461 606 3502 vocatur
615 3456 762 3518 Athenopolis
777 3457 803 3502 iu
821 3455 848 3501 fi·
912 3452 944 3500 45
961 3454 1053 3514 Ecquid
1070 3468 1156 3502 aarum
1251 3451 1397 3516 munaum]

328 3517 400 3563 nibus
416 3517 575 3566 Macedonica.
598 3519 704 3568 Ortelius
722 3536 771 3568 non
790 3533 846 3580 pro-
879 3518 961 3579 Magis
972 3520 1086 3579 placeret,
1098 3521 1163 3580 quod
1173 3521 1310 3568 Gronovius
1321 3515 1397 3580 subji-

327 3582 370 3628 bat
395 3583 459 3630 hanc
483 3585 592 3632 Turnebi
612 3583 788 3648 conjecturem,
810 3597 847 3630 re·
879 3585 928 3632 cit:
945 3583 1080 3630 mammea.

328 3647 458 3708 scribitque
469 3647 600 3704 Almonem,
616 3652 732 3711 oppidum
744 3647 849 3696 Thessa·
912 3647 944 3694 m
960 3647 1021 3694 Nisi
1031 3662 1134 3696 aarum.
1147 3648 1314 3713 ‚amepirmtl
1332 3649 1398 3710 Lege

328 3711 369 3758 tia
388 3711 468 3776 Plinio
487 3723 652 3762 memoratum
676 3719 691 3763 Ι.
711 3714 757 3763 tv.
779 3729 801 3762 c.
824 3716 848 3762 8.
880 3714 1032 3761 cumeodem
1040 3713 1302 3776 Gronorioacceperiat.

329 3775 431 3837 Utrique
442 3779 499 3825 huic
507 3780 671 3826 emendationi
684 3794 772 3840 parurn
783 3779 849 3826 vida·
913 3777 945 3825 it
961 3776 1097 3838 Apparebat
1105 3782 1131 3826 ia
1141 3777 1257 3842 mnibus]
1275 3780 1337 3826 Dele
1348 3779 1400 3825 sine

328 3845 371 3888 tur
390 3844 518 3890 convenire
536 3858 593 3890 cum
619 3846 728 3892 locorum
753 3847 802 3892 situ
824 3851 849 3890 et
882 3845 933 3891 ulla
946 3843 1097 3890 dubitatione
1112 3845 1317 3906 prepositionem.
1349 3845 1401 3902 Ap-

328 3907 392 3954 Axio
404 3908 512 3956 flumine.
883 3909 983 3968 parebat
1005 3909 1119 3956 omnibus
1140 3909 1170 3954 iis
1192 3908 1276 3968 quiin
1299 3907 1400 3955 consilio

361 3971 395 4019 48
410 3973 568 4036 mmmmm
598 3974 652 4022 Hoc
680 3988 769 4021 nomen
801 3987 849 4020 non
882 3979 960 4026 erant,
973 3973 1116 4020 simulatum
1132 3986 1184 4019 ease
1199 3973 1269 4018 illurn
1285 3973 1400 4019 timorem

328 4035 455 4084 immerito
466 4048 606 4098 suspectum
615 4049 651 4085 est
658 4040 848 4094 Jac.Gronovio,
881 4051 955 4099 quem
972 4032 1101 4098 jactitabat
1118 4037 1237 4085 Perseus:
1266 4051 1312 4084 nec
1330 4037 1401 4098 quid-

329 4101 373 4160 qui
394 4109 474 4148 mutat
494 4105 556 4150 illud
575 4105 600 4150 in
624 4105 763 4160 AEsimam,·
792 4117 848 4165 quae
881 4116 955 4164 quam
964 4102 1031 4148 aliud
1042 4102 1293 4151 eumamultitudiue
1304 4103 1400 4160 timere,

329 4166 388 4210 urbs
399 4167 445 4212 etsi
456 4167 548 4214 Edonis
559 4170 634 4230 vulgo
650 4170 800 4225 attribuitur,
809 4169 849 4214 'ni-
881 4180 957 4228 quam
976 4166 1171 4226 magnitudinem
1183 4167 1294 4226 pecunia
1304 4180 1361 4226 quaa
1377 4167 1403 4212 in

329 4228 366 4275 hil
377 4235 457 4278 tamen
474 4238 541 4280 vetat
557 4247 612 4280 cam
631 4235 761 4296 aliquando
780 4233 850 4280 habi·
881 4229 935 4294 ejus
950 4231 1115 4282 multitudinis
1124 4232 1273 4294 stipendium
1284 4232 1405 4296 augenda

328 4293 750 4370 numantiammtiadica,qua
758 4298 851 4348 Edonis
882 4303 954 4346 esset.

329 4371 411 4410 muna
420 4367 465 4410 ut.
