3042 4980
165 199 169 212 ’
302 191 318 268 l
484 228 490 244 x
594 189 1018 274 ‘PRAEFATIC

308 385 443 470 Graeoa
458 395 557 490 quod
568 417 637 494 ago
652 395 730 493 ipre
741 404 833 470 testu
842 394 1026 470 conditum
1038 394 1121 480 ιιυί,
1135 391 1278 470 diceret
1292 393 1400 472 Gre-

304 531 348 585 co
363 509 461 605 qnod
473 532 542 610 ego
558 519 650 586 testa
665 510 812 585 condidi
828 510 906 608 ipre
918 520 957 586 ,et
972 510 1054 595 leni,
1074 515 1222 584 essetne
1246 508 1398 608 aliquis,

305 645 420 719 quem
438 631 514 701 tam
532 621 766 721 procliviset
787 623 902 721 plana
926 623 1315 711 locutiomoraretur,
1334 631 1403 701 aut

305 734 370 832 qui
386 753 426 814 τι
441 762 509 838 ego
525 741 614 838 apsa,
630 763 699 837 pro
716 741 825 814 unica
840 764 924 814 voce
939 738 1092 814 haberet
1115 741 1156 814 ιἰι
1180 741 1273 818 duas
1285 741 1402 840 pulo

301 850 472 950 ‚longiore
487 854 680 930 interuallo
696 856 906 930 distructa?
955 927 958 934 .

357 964 470 1044 Inviti
496 967 594 1045 hanc
619 968 722 1046 velut
747 991 950 1058 censuram
966 967 1135 1066 agimus:
1164 968 1276 1044 simul
1299 993 1401 1046 vete·

307 1103 401 1168 mur,
419 1103 466 1158 na
483 1083 644 1160 exilibus
662 1083 881 1180 hujusmodi
898 1084 1002 1162 tricis
1019 1085 1138 1162 lector
1162 1084 1402 1182 defatigetur.

307 1196 443 1298 ltaque
460 1199 614 1276 unicum
631 1200 760 1279 adhuc
774 1201 988 1300 exemplum
1000 1225 1246 1300 apponemus,
1260 1226 1309 1276 ex
1321 1224 1401 1298 quo

304 1309 467 1412 intelligi
484 1316 615 1414 possit,
634 1317 833 1414 Dujatinm
859 1317 899 1392 in
924 1316 1160 1416 antiquitatis
1182 1315 1404 1412 cognitione

302 1427 411 1504 ¹haud
429 1455 656 1531 magnopere
667 1432 782 1510 fuisse
798 1427 999 1530 ¹versatum.
1017 1430 1149 1510 Livius
1164 1431 1230 1532 lib,
1239 1431 1354 1506 Vlll.
1365 1456 1402 1506 c.

306 1549 366 1620 26.
384 1544 435 1656 qe
451 1549 623 1623 secundo
640 1548 688 1634 Q.
704 1545 857 1626 Publilii
875 1546 1047 1624 Philonis
1065 1547 1255 1645 triumpho
1268 1569 1400 1644 agens,

307 1658 401 1736 Duo
416 1663 624 1764 singularia
639 1665 728 1752 dcc,
739 1663 871 1764 inquit,
884 1665 1010 1742 riviro
1020 1665 1181 1764 primum
1196 1664 1404 1763 contigere:

298 1781 520 1880 prorogatio
536 1782 682 1880 imperii
697 1807 770 1857 ιιοιι
784 1791 869 1856 eata
882 1782 933 1875 ιἰι
946 1781 1022 1858 ullo
1034 1781 1157 1876 facta,
1175 1791 1210 1854 ct
1229 1790 1314 1856 acto
1337 1777 1404 1852 lro·

305 1915 392 1966 aare
408 1896 626 1994 triumphas.
680 1894 759 1974 Hic
776 1894 924 1971 Livium
940 1894 1177 1993 reprehendit
1197 1891 1403 1988 Dujatiusr

307 2007 408 2096 Hoc,
427 2007 560 2110 inquit,
577 2013 852 2112 singularem
868 2022 947 2086 not
965 2009 1109 2098 Rmnae,
1127 2021 1170 2108 qt
1179 2022 1265 2109 pott
1286 2011 1405 2088 admi·

304 2126 501 2203 aistrntum
525 2127 790 2225 lrorwrcmquir
807 2127 1062 2224 triumpharet.
1114 2125 1206 2214 Sed,
1224 2126 1319 2200 dum
1337 2123 1404 2199 Li-

305 2239 409 2317 vium
428 2240 561 2316 enoris
580 2240 712 2338 arguit,
730 2241 812 2338 ipse
829 2267 938 2318 suam
964 2242 1022 2318 vel
1047 2240 1236 2318 inscitiam
1262 2240 1402 2340 pmdit,

306 2353 366 2428 vel
384 2354 578 2435 incuriam.
632 2356 796 2436 Constat
813 2358 926 2446 enim,
944 2371 988 2433 ut
1003 2357 1108 2456 quod
1125 2356 1302 2444 maxime,
1321 2367 1404 2431 tum

272 2477 279 2484 ’
305 2493 352 2544 ex
378 2468 599 2558 Livio,tum
624 2473 806 2550 exustis
833 2472 1069 2573 Capitolinis,
1086 2461 1287 2548 'neminem
1313 2479 1404 2546 ante

159 2623 162 2634 ν
306 2582 514 2660 Publilium
541 2586 789 2687 triumphasse
819 2599 906 2686 post
935 2597 1063 2665 actum
1092 2588 1290 2674 honorem,
1321 2586 1405 2662 sira

305 2700 587 2797 magistratum
614 2704 684 2781 sed
702 2701 914 2801 omnesqui
933 2712 1045 2779 antea
1069 2703 1404 2801 triumphaverant,

159 2901 162 2905 ,
304 2816 494 2905 consules,
521 2830 587 2896 aut
613 2819 831 2907 dictatores,
858 2827 926 2898 aut
954 2817 1123 2894 tribunos¹
1150 2817 1311 2894 militurn
1339 2817 1406 2894 tri-

304 2933 518 3030 utnphasse.
550 2935 710 3014 Cetera
734 2961 820 3036 qua·
845 2935 994 3012 ibidem*
1014 2913 1217 3012 occurrunt
1241 2935 1292 3012 de
1316 2959 1405 3033 pro-

302 3047 514 3139 consulatu,
540 3075 673 3148 parurn
697 3051 829 3127 itidem
857 3059 1037 3129 accurata
1061 3059 1161 3126 sunt.
1211 3050 1303 3126 Sed
1320 3051 1404 3126 haec

303 3163 476 3240 sufficere
490 3164 666 3248 videntur
681 3167 732 3245 de
749 3166 899 3263 Dujatii
911 3166 1029 3261 notis,
1043 3165 1258 3265 ecquidem
1271 3166 1405 3263 magis,

303 3279 431 3380 quod
428 3303 506 3356 nou
523 3305 570 3357 ea
584 3281 732 3364 illarum
750 3293 809 3358 est
825 3282 926 3382 apud
945 3283 1115 3360 homines
1128 3273 1242 3370 fama,
1255 3283 1405 3359 utmul-

305 3392 352 3470 tis
370 3394 494 3471 fraudi
510 3418 593 3474 esse
611 3398 732 3496 possit
748 3397 962 3531 quidquid
952 3398 1064 3474 meis
1082 3409 1283 3497 peccatum
1299 3405 1369 3474 est

42 3605 46 3616 Ι
140 3531 297 3658 sapapa-
355 3510 457 3588 Ex''
434 3536 480 3588 ns
495 3529 580 3612 quae
598 3513 762 3592 diximus
789 3513 974 3610 conjicere
998 3513 1099 3601 licet,
1117 3513 1211 3613 quid
1238 3515 1288 3588 de
1312 3533 1404 3613 sup·

139 3603 206 3707 iiii
198 3609 282 3708 acl.
303 3628 502 3729 plementis
529 3630 578 3704 ab
605 3630 775 3708 eodem
765 3656 805 3706 ιιι
830 3631 985 3708 lacunas
1011 3629 1225 3706 ultimorum
1248 3631 1320 3731 qui
1338 3643 1406 3708 ert-

138 3737 264 3836 „affl
303 3753 406 3825 stant
438 3744 535 3822 livii
568 3745 746 3822 librorum
783 3743 1022 3826 concinnatis
1050 3746 1308 3842 judicandum
1340 3746 1404 3823 sit.

5 3953 7 3961 A
137 3861 289 3912 “m'‘
304 3860 493 3939 Nimirum
516 3862 699 3994 optimam
723 3863 971 3950 voluntatem,
988 3875 1029 3941 ,et
1044 3863 1255 3938 naturalem
1269 3887 1406 3962 quam-

193 3971 200 3996 ²
302 3977 420 4055 dnm
408 3977 552 4075 ingenii
574 3979 793 4060 facilitatem
820 3979 1038 4057 deiecerunt
1061 3979 1237 4078 praesidia
1262 3979 1405 4054 doctri·-

300 4119 372 4184 ιιι,
391 4105 508 4195 atque
525 4095 639 4174 etiam
656 4095 723 4172 otii
743 4095 866 4194 copia.
915 4093 1038 4202 ⁴lpse
1028 4117 1066 4170 ιιι
1083 4107 1175 4187 nota
1197 4095 1247 4172 ad
1266 4094 1403 4172 librum

299 4209 407 4286 XL'I.
443 4212 563 4310 prima
596 4214 791 4311 profitetur
830 4237 894 4321 ‘ae'
914 4237 960 4290 en
1002 4236 1087 4309 quae
1129 4211 1405 4289 interciderunt
