3120 4984
426 206 534 283 uuis.
556 161 669 268 mv.
699 209 803 268 cnr.
824 207 942 271 xxxi.
1175 197 1230 268 ist

162 377 291 438 amnem
306 379 409 438 castra
426 368 582 449 habebat;
605 373 716 438 audito
733 369 857 439 foedere
871 372 954 437 inter
970 369 1082 436 Persea
1090 381 1128 436 et
1141 367 1232 436 Gen-
1241 378 1271 429 u.
1281 373 1309 426 α
1320 375 1377 426 ⁵84»

93 533 97 544 ,
161 461 254 536 tium,
285 471 318 523 et
350 463 526 546 legatorum
555 460 746 524 violatorum
775 459 890 545 injuria
922 479 1082 535 accensus,
1112 440 1376 522 bellumffim·

161 545 251 610 haud
277 546 374 610 dubie
398 546 548 610 adversus
571 569 643 610 eum
673 559 830 636 gesturus.
875 545 1010 610 Anicius
1038 559 1168 629 praetor,
1194 549 1323 610 eosnteu
1334 547 1375 595 Pr.

162 643 307 716 tempore
322 631 505 718 Apolloniae
519 634 643 712 auditis,
657 656 730 720 quas
744 634 779 696 in
795 631 925 718 Illyrico
937 644 1134 719 gererentur,
1150 627 1279 715 prae-'⁸⁸
1289 620 1374 676 Μ’·

163 718 328 804 missisque
350 719 392 783 ad
408 720 550 804 Appium
574 719 685 797 literis,
701 731 736 784 ut
751 742 784 784 se
798 721 837 784 ad
856 718 1048 783 Genusuurn
1071 717 1234 803 opperire-
1289 751 1292 758 =

164 817 228 882 tur,
245 805 353 869 triduo
367 818 399 870 et
420 806 534 891 ipsein
550 818 653 870 castra
667 807 772 871 venit:
795 818 827 870 et
841 803 867 844 ⁶⁸
877 805 918 869 ad
932 828 978 881 ea,
1016 827 1068 869 uae
1083 803 1233 881 habebat,

165 891 282 956 auxilia
304 893 480 956 adsumtis¹
502 892 725 957 Parthinorum
747 892 924 978 juventutis
945 828 1069 955 dudirus
1094 890 1235 955 millibus

164 977 309 1063 'peditum
325 990 357 1042 et
370 979 528 1064 equitibus
542 979 695 1056 ducentis,
708 978 880 1064 (peditibus
890 977 1062 1063 Epicadus,
1073 977 1234 1064 equitibus

165 1064 335 1150 Algalsusl
356 1067 506 1150 praeerat)
522 1066 654 1149 parabat
667 1066 785 1131 ducere
801 1066 836 1129 in
851 1064 1027 1150 illyricum,
1042 1065 1184 1130 maxime
1199 1073 1235 1127 ut

166 1151 352 1216 Bassanitas
369 1151 503 1217 solveret
516 1152 692 1216 obsidione.
708 1151 811 1216 tenuit
823 1152 967 1234 inpetum
978 1151 1045 1238 ejus
1058 1149 1143 1215 fama
1157 1150 1235 1214 lem·

164 1237 282 1302 borum
297 1240 485 1302 vastantium
502 1239 693 1303 maritimam
708 1260 808 1302 oram.
854 1238 1031 1323 Octoginta
1050 1247 1142 1301 erant
1157 1239 1235 1300 lem·

165 1324 211 1402 bi,
228 1336 356 1389 auctore
373 1324 560 1390 Pantaucho
578 1326 665 1389 missi
680 1348 700 1390 a
715 1324 835 1390 Gentio
853 1325 894 1389 ad
910 1323 1189 1410 Dyrrachinorum
1204 1333 1237 1386 ct

165 1409 422 1496 Apolloniatium
437 1433 530 1496 agros
545 1412 755 1498 populandos.
799 1409 886 1475 Tum
902 1410 1007 1506 classis
1021 1410 1061 1506 ad

555 1549 574 1586 ff
695 1548 714 1586 st
835 1547 854 1585 st

167 1651 202 1706 to
217 1662 266 1720 eo,
282 1642 483 1709 tradiderunt
497 1665 542 1710 se.

210 1727 351 1794 XXXI.
374 1729 536 1814 Deinceps
550 1741 583 1796 et
600 1729 696 1796 urbes
720 1730 859 1819 regionis
873 1732 939 1818 ejus
963 1729 1047 1797 idem
1067 1725 1235 1806 faciebant,

166 1813 339 1900 adjuvante
362 1815 600 1882 inclinationem
624 1818 803 1884 animorum
828 1818 999 1898 clementia
1016 1819 1047 1881 in
1074 1839 1184 1882 omnes
1205 1829 1238 1880 et

163 1901 286 1986 justitia
301 1903 446 1984 praetoris
463 1903 612 1968 Romani.
655 1904 707 1969 Ad
725 1905 877 1970 Scodram
899 1904 974 1970 inde
988 1916 1115 1969 ventum
1132 1914 1189 1981 est,
1204 1899 1239 1966 id

171 1987 260 2072 quod
281 1988 357 2052 belli
379 2001 476 2074 caput
496 1989 616 2067 iuerat3
640 2011 705 2055 non
725 2013 764 2056 eo
779 1992 892 2069 solum,
909 1991 996 2076 quod
1012 1990 1149 2056 Gentius
1168 2008 1238 2054 eam

171 2073 231 2138 sibi
254 2088 383 2159 ceperat
405 2076 492 2141 velut
515 2077 605 2178 regni
628 2078 727 2142 totius
749 2073 863 2156 arcem,
880 2079 935 2142 sed
957 2079 1051 2144 ctiam
1072 2077 1157 2164 quod
1175 2076 1239 2140 Lu·

171 2161 311 2228 beatium
341 2163 446 2250 gentis
475 2163 686 2228 munitissima
715 2163 810 2254 longe
839 2178 887 2230 est
916 2179 949 2230 et
978 2163 1114 2230 difficilis
1140 2157 1241 2228 aditu.

170 2246 250 2312 Duo
274 2249 409 2337 cingunt
430 2271 499 2314 eam
521 2250 663 2328 flumina,
680 2249 834 2316 ,Clausala
855 2251 955 2317 latere
975 2250 1072 2326 urbis,
1093 2248 1181 2335 quod
1206 2247 1241 2310 in

171 2334 324 2400 orientem
351 2348 448 2421 patet,
465 2338 645 2420 praefluens,
663 2336 812 2401 Barbana
834 2339 874 2403 ab
900 2336 1031 2422 regione
1056 2334 1239 2411 occidentis,

150 2429 153 2434 '
172 2442 214 2486 ex
232 2421 406 2487 Labeatide
420 2423 537 2508 palude
552 2423 666 2490 oriens.
689 2423 722 2486 hi
738 2423 803 2488 duo
817 2425 1139 2489 amnes·confluentes
1161 2420 1242 2484 inci-

172 2507 254 2572 dunt
280 2508 419 2573 Oriundi
448 2509 592 2589 flumini;
616 2511 713 2596 quod,
739 2522 845 2574 ortum
869 2510 945 2574 ⁶⁹ex
970 2522 1080 2573 monte
1107 2506 1241 2584 Scodro,

172 2593 281 2658 multis
311 2608 343 2660 et
375 2594 444 2660 aliis
474 2609 603 2660 auctum
636 2597 736 2683 aquis,
765 2599 845 2661 mari
877 2596 1069 2662 Hadriatico
1097 2594 1244 2659 infertur.

173 2679 273 2746 Mons
301 2682 451 2759 Scodrus,
474 2682 570 2770 longe
594 2682 763 2748 altissimus
789 2683 928 2770 regionis
954 2685 1030 2770 ejus,
1055 2681 1095 2745 ab
1120 2681 1243 2746 oriente

161 2767 375 2833 Dardaniam
401 2769 574 2855 subjectam
601 2769 708 2846 habet,
734 2794 754 2834 a
778 2771 911 2836 meridie
938 2769 1176 2846 Macedoniam,
1202 2767 1244 2832 ab

174 2876 288 2920 occasu
311 2855 485 2942 Illyricum.
530 2856 735 2942 Quamquam
758 2858 917 2923 munitum
940 2857 1003 2922 situ
1025 2856 1165 2922 naturali
1185 2877 1244 2940 op·

174 2941 285 3024 pidum
300 2954 378 3019 erat,
393 2965 534 3030 gensque
548 2943 582 3008 id
604 2956 671 3008 tota
686 2943 871 3030 Illyriorum
886 2957 919 3009 et
932 2965 991 3009 rex
1005 2944 1072 3028 ipse
1086 2944 1244 3016 tuebatur,

174 3039 281 3092 tamen
303 3041 424 3113 praetor
440 3029 615 3108 Romanus,
631 3031 707 3117 quia
728 3031 833 3117 prima
846 3044 1059 3097 successerant
1082 3051 1246 3115 prospere,

175 3111 334 3179 fortunam
351 3115 446 3180 totius
461 3116 507 3180 rei
521 3117 680 3201 principia
695 3129 874 3182 secuturam
890 3141 958 3182 esse
973 3128 1070 3192 ratus,
1087 3130 1118 3180 et
1132 3137 1247 3200 repen-

122 3207 124 3214 '
175 3201 277 3266 tinum
294 3201 464 3266 valiturum
481 3214 645 3278 terrorem,
658 3202 813 3268 instructo
828 3203 970 3268 exercitu
987 3204 1026 3268 nd
1042 3203 1162 3266 moenia
1177 3223 1247 3266 suc·

175 3287 269 3352 cedit.
316 3287 414 3363 Quod
437 3288 462 3350 si
488 3287 602 3355 clausis
625 3289 725 3372 portis
747 3310 857 3354 muros
880 3303 1108 3376 portarumque
1132 3301 1245 3364 turres,

175 3373 335 3460 dispositis
355 3375 493 3452 armatis,
508 3374 730 3454 defendissent,
742 3397 826 3440 vano
841 3399 913 3442 cum
937 3376 1066 3460 incepto
1089 3375 1247 3440 moeuibus

175 3461 370 3546 pepulissent
401 3461 574 3527 Romanos.
606 3483 702 3539 nunc,
727 3475 820 3547 porta
846 3463 972 3550 egressi,
996 3462 1144 3547 proelium
1176 3461 1247 3524 loco

176 3567 270 3635 aequo
285 3548 403 3634 majore
416 3549 522 3612 animo
537 3550 772 3627 commiserunt,
789 3572 883 3636 quam
900 3550 1126 3614 sustinuerunt.
1160 3547 1248 3612 Pulsi

177 3637 262 3698 enim
289 3647 321 3698 et
345 3633 422 3723 iuga
451 3636 644 3722 conglobati,
668 3658 765 3722 quum
792 3637 921 3702 ducenti
947 3636 1082 3721 amplius
1107 3635 1139 3697 in
1169 3633 1247 3718 ipsis
1338 3691 1341 3698 .

176 3717 323 3786 faucibus
348 3734 450 3805 portae
472 3722 671 3799 cecidissent,
687 3735 811 3788 tautum
831 3723 1008 3788 intulerunt
1030 3733 1195 3796 terrorem,
1213 3733 1249 3785 ut

177 3821 318 3872 oratores
340 3807 503 3892 extemplo
525 3808 565 3873 ad
587 3821 757 3894 praetorem
773 3810 911 3875 mitteret
927 3809 1062 3874 Gentius
1077 3807 1247 3874 Teuticum

310 3985 325 4014 ¹
334 3981 446 4031 adsum
455 3985 552 4033 uncinis
562 3985 665 4033 includit
676 3985 746 4034 Creu.
820 3989 834 4029 1
844 3983 949 4048 Agalrm
960 3983 1035 4031 Gron.
1047 3983 1118 4030 Cres.

212 4141 244 4190 68
260 4139 301 4187 At
322 4157 348 4189 ea
367 4155 418 4203 quc
437 4141 530 4190 lolem
549 4141 643 4188 auxilia
662 4155 699 4188 ar·
724 4139 818 4202 junctis
828 4138 913 4186 darom
923 4137 1027 4185 millibus
1033 4137 1148 4198 prditum.

180 4208 280 4267 carptis
297 4206 466 4254 Parthinorum
479 4205 624 4270 juventutis]
641 4205 699 4251 Vox
764 4203 796 4251 69
812 4205 854 4250 Ec
876 4207 953 4250 monte
973 4203 1070 4266 Scodra]
1105 4201 1153 4250 Hic
1178 4215 1250 4248 mons

180 4271 306 4336 mrancptlr
316 4269 410 4348 adjecta
421 4279 457 4348 est
473 4287 488 4318 a
500 4271 604 4332 sigonio.
638 4271 700 4318 Gro-
730 4281 804 4328 supra
821 4267 948 4325 1.th11.
963 4282 986 4315 c.
1001 4267 1040 4314 20.
1058 4267 1158 4315 Scordus
1178 4277 1250 4314 voca-

179 4336 699 4464 effutituutltff‘tututt
731 4338 781 4382 ²¹¹¹·

777 4470 833 4528 Li
