3154 4984
380 171 437 230 lii
779 163 892 226 TlTl
924 164 1060 225 LlVll

212 333 242 386 u
254 341 284 388 c.
296 339 350 388 tta
377 330 517 396 consulis
533 329 630 395 verba
638 331 842 417 juraverant:
865 341 896 394 et
911 329 998 416 quod
1016 329 1149 394 militum
1164 329 1328 418 Corcyrae,
1345 331 1454 396 Brun-

210 404 243 454 A.
255 407 282 453 ⁰·
296 406 350 455 ¹⁶⁸
376 418 459 493 disti,
475 417 516 482 ad
532 439 620 482 mure
635 439 795 503 superum,
811 430 866 483 aut
880 417 914 479 in
929 438 1009 503 agro
1024 417 1166 482 Larinati
1182 433 1272 496 esset,
1290 419 1455 502 (omnibus

376 503 426 568 his
440 504 518 568 loeis
539 504 711 589 dispositus
733 505 894 568 exercitus
912 502 1023 580 fuerat,
1040 525 1113 568 cum
1129 525 1204 590 quo,
1220 505 1247 568 si
1269 527 1318 569 res
1339 526 1455 589 posce-

376 604 435 667 ret,
453 589 491 655 C.
509 590 653 656 Licinius
667 589 798 678 collegae
812 589 908 655 ferret
929 592 1037 674 opem)
1054 591 1112 654 hos
1134 613 1244 655 ornnes
1267 591 1382 655 milites
1402 592 1456 656 di·

378 678 460 741 mitti
491 677 622 762 placuit.
666 676 889 761 ⁹Supplicatio
919 699 978 759 pro
1007 677 1161 742 concione
1190 679 1301 763 populi
1330 679 1455 742 indicta

376 777 433 864 est,
450 763 476 803 ¹⁰
484 777 618 914 exdante
640 763 724 828 diem
741 765 887 850 quintum
912 763 989 829 Idus
1005 763 1163 829 Octobres
1187 786 1260 829 curn
1284 787 1323 829 eo
1344 766 1397 830 die
1417 767 1455 829 in

400 873 454 915 urn
480 874 518 915 ue
551 872 606 915 res.

377 875 396 938 q
420 873 483 1003 llll.
509 937 561 1002 Ex
578 936 708 1025 Illyrico
729 936 796 1002 duo
817 936 923 1025 legati,
941 936 981 1003 C.
998 937 1141 1003 Licinius
1158 937 1264 1002 Nerva
1281 952 1312 1002 et
1330 938 1367 1003 P.
1383 938 1458 1003 De-·

375 1025 453 1102 cius,
476 1024 681 1098 nunciarunt,
706 1027 867 1088 euerritum
885 1026 1063 1108 illyriorum
1084 1045 1209 1089 ecesum:
1234 1025 1379 1090 Gentium
1402 1048 1455 1089 re-

370 1135 439 1197 gem
454 1122 588 1195 captum,
603 1114 637 1175 in
652 1113 769 1176 ditione
782 1113 894 1194 populi
907 1113 1046 1176 Romani
1060 1122 1090 1175 et
1103 1113 1264 1197 Illyricum
1279 1134 1349 1176 esse.
1396 1112 1453 1176 Ob

374 1221 426 1262 eas
443 1221 502 1275 res,
518 1214 620 1286 gestas
636 1197 734 1262 ductu
752 1197 958 1282 auspicioque
975 1197 1012 1262 L.
1031 1198 1136 1262 Anicii
1153 1199 1308 1283 praetoris,
1325 1213 1454 1263 senatus

374 1286 408 1349 in
435 1284 577 1350 triduum
603 1284 850 1369 supplicationes
875 1283 1026 1361 decrevit,
1047 1285 1119 1348 ²¹ut
1142 1284 1269 1349 Latinae
1295 1283 1409 1350 edictae
1432 1309 1453 1350 a

375 1372 505 1436 consule
534 1384 608 1436 sunt
637 1372 669 1434 in
700 1384 774 1434 ante
799 1383 947 1457 quartum
974 1384 1006 1435 et
1029 1372 1158 1436 tertium
1183 1383 1215 1435 et
1244 1371 1347 1454 pridie
1373 1371 1453 1436 ldus

208 1457 583 1543 LemniuNovernbres.
627 1455 843 1522 ¹²Tradidere
857 1459 999 1543 quidem,
1016 1457 1135 1545 legatos
1160 1457 1317 1535 Rhodios,
1334 1457 1451 1522 l”non-

207 1548 242 1595 ‘ffi
253 1548 357 1626 raphao
377 1545 453 1610 durn
477 1546 599 1622 missos,
616 1559 688 1628 post
703 1544 868 1609 victoriam
891 1545 1087 1622 nunciatam,
1104 1543 1191 1609 velut
1213 1544 1254 1609 ad
1272 1544 1449 1610 ludibrium

207 1612 292 1660 '‘m“
376 1631 500 1696 stolidae
520 1630 688 1714 superbire,
705 1633 738 1696 in
761 1643 904 1695 senatum
921 1644 1047 1696 vocatos
1062 1653 1138 1696 esse.
1184 1632 1235 1696 Ibi
1250 1631 1451 1718 Agesipolim

375 1719 554 1804 principem
568 1740 679 1783 eorum
705 1720 748 1782 itu
765 1716 925 1782 locutum:
950 1718 1066 1782 Missos
1086 1741 1149 1784 esse
1170 1720 1287 1803 legatos
1308 1719 1348 1782 ab
1362 1720 1452 1782 Βασ-

373 1809 437 1871 diis
451 1809 495 1870 ad
510 1827 618 1889 pacem
641 1807 724 1869 inter
737 1806 895 1871 nomme
917 1815 946 1868 et
964 1807 1080 1868 Persea
1089 1806 1295 1891 faciendam·
1320 1807 1454 1888 quodid

371 1893 479 1957 bellum
492 1915 589 1977 grane
610 1902 704 1976 atque
721 1893 936 1954 incommodum
954 1890 1089 1955 Greeciae
1110 1894 1202 1970 omni,
1218 1902 1399 1956 sumtuasum
1414 1915 1452 1956 aa

372 1982 548 2044 damnosum
574 1980 651 2062 ipsis
670 1980 822 2042 Romanis
847 1988 934 2041 esset.
978 1979 1150 2042 Fortunam
1170 1979 1305 2062 perbene
1320 1980 1449 2062 fecisse,

372 2066 610 2150 quanduflniro
629 2067 725 2128 aliter
739 2065 826 2142 bello,
839 2067 1026 2148 gratmandi
1039 2066 1100 2129 sibi
1117 2067 1155 2128 de
1176 2067 1309 2130 victoria
1323 2068 1450 2150 egregia

372 2155 523 2217 Romanis
549 2153 809 2236 opportunitatem
836 2153 978 2217 dedisset.
1015 2152 1107 2215 'Haec
1130 2151 1171 2216 nb
1200 2150 1330 2215 Rhodio
1352 2151 1449 2216 dicta.

373 2239 577 2325 Responsum
603 2238 645 2302 ab
670 2255 781 2303 senatu
800 2260 875 2314 esse,
892 2236 1064 2302 1⁴Itlrodios
1086 2261 1140 2302 uec
1160 2239 1338 2303 utilitatium
1355 2237 1450 2302 Gree-

371 2329 440 2407 cioe,
456 2347 551 2411 neque
573 2348 648 2390 cura
670 2327 868 2409 inpensarum
887 2326 1000 2408 populi
1021 2326 1169 2401 Romani,
1185 2327 1238 2388 sed
1261 2347 1319 2406 pro
1335 2326 1451 2389 Perseo

371 2416 555 2498 legationem
567 2435 633 2476 eam
648 2414 774 2477 misisse.
820 2412 914 2488 Nam,
931 2413 959 2476 si
974 2413 1133 2498 easuisset
1147 2433 1231 2490 cura,
1245 2433 1314 2494 quae
1323 2413 1451 2475 simula-

372 2511 467 2576 retur,
480 2511 542 2564 tum
554 2502 717 2564 mittendos
733 2499 965 2584 legatosfirisse,
982 2520 1070 2582 quum
1083 2500 1223 2575 Perseus,
1240 2496 1301 2561 1⁵ia
1318 2499 1452 2562 Thessa·

372 2589 465 2651 liam·
479 2589 614 2650 exercitu
629 2588 762 2660 inducto,
774 2605 835 2667 per
849 2585 1004 2649 biennium
1019 2587 1145 2650 Graecas
1159 2586 1255 2660 urbes,
1272 2586 1355 2649 alias
1369 2585 1451 2649 absi·

372 2677 469 2748 deret,
481 2676 564 2736 alias
573 2673 810 2735 denunciatione
820 2693 972 2735 armorum
982 2682 1119 2736 terreret.
1147 2672 1224 2736 Tum
1236 2673 1452 2755 nullampacis

372 2760 413 2822 ab
429 2760 563 2823 Rhodiis
585 2761 763 2821 mentionem
772 2759 908 2842 factam.
953 2757 1151 2842 ¹⁶Postquam
1173 2769 1332 2845 superatas
1353 2761 1451 2822 saltrss
1503 2835 1506 2844 Ἰ

367 2856 635 2930 transgressosque
646 2847 680 2908 in
692 2845 911 2908 Macedoniam
923 2846 1079 2909 Romanos
1091 2848 1247 2922 audirent,
1259 2856 1289 2909 et
1304 2847 1451 2909 inclusum

372 2934 473 2996 teneri
487 2935 612 3007 Persea,
629 2941 701 2994 tunc
715 2931 854 2996 Rhodios
875 2933 1058 3016 legationem
1080 2934 1204 3008 misisse,
1222 2953 1283 2996 nan
1299 2933 1451 2995 adullam

373 3020 471 3082 aliam
485 3041 560 3095 rem,¹
575 3040 665 3102 quam
680 3020 725 3082 ad
737 3020 855 3083 Persea
869 3041 907 3081 ea
922 3019 1088 3083 inminenti
1094 3021 1237 3102 pericula
1247 3020 1453 3102 eripiendum.

328 3177 332 3185 ‚
374 3127 446 3170 cunr
462 3105 524 3169 hoc
540 3126 695 3189 responso
710 3104 830 3190 legatos
845 3105 1000 3168 dimissos.
1442 3153 1446 3160 .

380 3227 384 3236 ·
404 3191 476 3258 'IV.
503 3192 565 3257 Per
579 3190 706 3256 eosdem
721 3191 788 3256 dies
809 3205 841 3256 et
858 3189 909 3256 M.
927 3190 1112 3270 Marcellus,
1129 3213 1171 3256 ex
1189 3191 1354 3278 provincia
1370 3191 1451 3256 His-

791 3365 804 3395 ⁸
817 3363 937 3410 Thessalia
948 3363 1024 3412 Gran.

406 3515 582 3576 ssuppttmrto
604 3529 651 3575 pro
672 3516 779 3562 macione
797 3511 892 3576 populi]
926 3513 1056 3574 inteiligit:
1075 3528 1149 3574 quem
1161 3515 1214 3563 vid.
1225 3515 1299 3575 legat.
1310 3515 1352 3564 88.

374 3581 456 3629 Scribe
468 3581 569 3640 populor
587 3587 616 3628 ut
635 3581 656 3626 is
675 3593 745 3626 casus
762 3587 861 3639 regatur
879 3591 894 3624 a
960 3578 992 3625 13
1008 3577 1123 3626 Nondum
1133 3578 1227 3643 missos]
1246 3579 1378 3642 Legecum
1390 3581 1452 3628 Gro-

372 3647 447 3692 uerbo
457 3643 546 3692 indicta
557 3649 600 3704 est,
612 3659 661 3692 non
674 3658 689 3690 a
700 3644 800 3691 nomine
809 3643 894 3692 amsla.
927 3644 1000 3689 novio
1011 3643 1113 3690 nondum
1124 3644 1243 3693 admissos.

373 3710 413 3756 lta
423 3709 489 3756 euim
501 3711 613 3758 dicebant
630 3709 772 3768 simpliciter
783 3722 894 3768 praean-
960 3706 992 3754 14
1002 3705 1105 3755 Rhodias
1126 3723 1167 3756 nec
1187 3710 1316 3757 utilitatum
1339 3709 1452 3767 Gratim

371 3777 445 3823 etone.
478 3775 517 3822 Sic
529 3776 547 3820 1.
560 3774 653 3824 V11.c.
666 3773 706 3820 10.
728 3772 893 3822 Dictator...
925 3785 997 3834 usqua
1016 3785 1074 3820 cura
1094 3772 1262 3836 impensarum]
1298 3775 1453 3835 Praepouera

371 3840 443 3900 miris
457 3853 502 3898 pra
517 3840 684 3886 ruminarem
695 3852 807 3899 pugnans
817 3838 893 3885 mutii·
925 3837 1051 3886 collocatio
1070 3841 1208 3886 verbonrm.
1241 3841 1321 3901 Magn
1343 3841 1451 3900 placeret

371 3903 486 3951 tertulii.
926 3917 968 3952 nec
984 3903 1114 3950 utilitatum
1126 3903 1236 3963 meae,
1249 3919 1319 3966 neque
1335 3905 1454 3967 impensa·

406 3969 437 4018 10
453 3969 496 4016 Es
514 3972 568 4016 ante
588 3969 650 4018 diem
667 3967 787 4030 quintum]
813 3966 894 4014 Vetus
926 3983 981 4015 runs
989 3968 1260 4028 papuliltomans‘aura.

371 4035 443 4080 lectio
457 4035 505 4084 fuit
521 4048 551 4081 eu
569 4038 623 4082 ante
638 4033 669 4079 ad
683 4034 801 4094 quintum
835 4033 895 4080 Oar-
961 4032 992 4079 15
1006 4034 1039 4079 In
1059 4032 1213 4097 Thessaliam]
1242 4036 1272 4082 ln
1288 4034 1452 4082 Gronovisnis

330 4143 333 4150 ,
371 4099 434 4146 rexit
446 4098 567 4159 Sigonius.
926 4097 1073 4146 editionibus
1090 4099 1342 4162 meudoselegiturirs
1356 4099 1454 4148 stesso·

404 4162 434 4209 11
456 4163 489 4211 tu
507 4164 604 4211 'Latina
625 4151 821 4226 eiicianssmi]
847 4163 894 4212 vu
926 4163 967 4210 iia.

370 4227 425 4274 dele
444 4228 505 4275 duas
532 4229 623 4290 priores
645 4241 726 4284 voces,
748 4229 786 4274 vel
808 4241 894 4276 earum
960 4227 991 4276 16
1008 4227 1140 4288 Postquam
1156 4259 1163 4272 .
1177 4261 1201 4277 ..
1218 4227 1338 4293 animent]
1374 4229 1451 4276 Recte

371 4292 425 4338 lsrco
435 4292 489 4353 lage
499 4308 557 4340 cum
567 4293 622 4341 lac.
630 4292 752 4339 Gronovio
762 4295 785 4337 et
794 4293 882 4338 statisss.
926 4299 1010 4342 monet
1022 4293 1160 4342 Gronovius
1170 4294 1301 4358 legendnm
1311 4293 1439 4343 ammius.

406 4354 437 4404 rs
468 4355 729 4420 ereremum]
763 4355 894 4418 roryuun
