3120 4984
391 233 490 294 urs.
519 229 622 324 unu.
649 229 756 291 cnr.
781 229 926 314 xxxvi,
961 207 965 216 '
1156 229 1195 294 ce

125 394 249 460 civilem
270 395 481 482 socialemque
502 391 754 481 permittendus
775 393 903 474 auxilia,
921 379 1077 484 ligurum
1091 392 1232 463 ”duou
1244 409 1271 456 0·
1283 407 1339 458 ³81·

126 480 234 560 millia,
261 482 429 548 Cretenses
451 483 614 570 sagittarii,
641 482 792 568 (incertus
818 503 980 563 numerus,
1000 473 1272 570 ”quassantia
1285 473 1339 523 ¹⁷¹·

123 568 228 654 rogati
257 569 394 634 auxilia¹
417 569 583 634 Cretenses
608 569 776 649 misissent)
799 567 951 634 Numidae
974 564 1049 634 item
1072 571 1192 657 equites

123 654 356 742 elephantique.
387 656 425 721 In
438 677 507 720 eam
526 677 591 720 rem
608 657 702 740 legati
713 655 755 719 ad
768 654 970 720 Masinissam
984 653 1192 741 Karthagini-

119 757 274 826 ensesque
287 742 384 821 missi,
401 742 441 807 L.
458 741 643 826 Postumius
658 741 807 818 Albinus,
823 741 867 818 Q.
880 741 1050 808 Terentius
1066 743 1190 824 Culleo,

121 827 162 892 Ο.
185 827 340 894 Aburius.
385 830 424 894 ln
447 825 577 893 Cretam
597 831 673 894 item
695 824 817 916 legatos
835 845 902 892 tres
923 829 970 892 ire
991 827 1122 914 placuit,
1146 831 1189 900 A.

34 947 37 957 ·
124 914 325 980 Postumium
353 915 520 993 Albinum,
543 914 619 980 ¹⁴0.
641 915 833 991 Decimium,
857 915 898 979 A.
921 914 1084 981 Licinium
1107 915 1191 984 Ner·

120 1021 204 1066 vern.

164 1087 334 1152 XXXVI.
358 1087 422 1152 Per
439 1087 524 1151 idem
546 1101 672 1172 tempus
693 1085 789 1192 legati
810 1085 851 1152 ab
872 1107 949 1174 rege
965 1087 1082 1152 Per'seo
1096 1110 1191 1156 vene·

119 1185 207 1239 runt.
237 1197 293 1238 eos
313 1173 382 1239 ²⁵in
402 1174 554 1260 oppidum
575 1173 744 1238 intromittr
765 1191 830 1238 non
851 1168 983 1261 placuit,
1004 1197 1103 1260 quum
1120 1176 1189 1262 -jam

119 1254 239 1326 bellum
254 1261 325 1348 regi
338 1281 450 1326 eorum
470 1273 503 1324 et
518 1259 752 1325 Macedonibus
772 1273 805 1326 et
826 1274 953 1325 senatus
975 1259 1143 1340 decresset,
1159 1274 1190 1328 et

119 1347 259 1434 populus
276 1347 428 1435 jussisset.
471 1346 545 1410 ”ln
571 1347 673 1426 aedem
696 1345 839 1412 Bellonae
854 1347 894 1411 'in
917 1359 1061 1414 senatum
1088 1349 1310 1424 iutro-Legata

119 1434 208 1500 ducti
222 1435 269 1499 ite
284 1434 382 1499 rerba
399 1433 559 1498 fecerunt:
585 1433 700 1499 Musti
713 1435 830 1499 Perseo
851 1456 963 1519 regem,
980 1436 1053 1520 quid
1065 1435 1097 1500 irs
1111 1435 1188 1500 Mo·
1200 1429 1293 1476 ΡΜ

117 1523 276 1587 cedcuicm
291 1521 439 1586 exerere
454 1521 652 1604 transportati
672 1531 780 1587 essent.
824 1519 858 1602 Si
878 1523 1032 1604 impetrari
1049 1543 1070 1585 a
1083 1531 1189 1590 senatu

116 1617 229 1690 posset,
246 1618 278 1672 ut
291 1609 316 1670 ii
328 1615 509 1685 revocentur,
525 1627 629 1692 regem
643 1607 688 1688 de
699 1605 826 1692 injuriis,
841 1607 868 1670 si
886 1627 965 1693 quus
977 1609 1065 1674 sociis
1079 1606 1191 1690 sustris

158 1703 322 1773 ererentm,
339 1694 487 1760 ordinata
507 1703 629 1758 seratur
640 1693 868 1776 satisjirctumm
881 1713 955 1758 esre.
1001 1696 1056 1782 Sp.
1074 1695 1190 1760 Carris

134 1782 192 1859 ius,
209 1781 252 1846 rid
266 1799 335 1846 cern
350 1781 453 1867 ipsam
467 1799 535 1844 rem
550 1801 592 1844 ex
610 1778 740 1845 Graecia
752 1780 899 1845 remissus
918 1779 959 1845 sb
976 1780 1038 1846 Cn.
1056 1781 1189 1861 Sicinio,

118 1867 151 1931 i'n
166 1877 280 1932 senatu
295 1877 373 1932 erut.
395 1867 423 1932 is
435 1865 652 1932 Perrhoebiem
666 1880 881 1956 expugnatum
892 1866 999 1946 armis,
1015 1864 1190 1934 'llressalioe

120 1954 245 2041 aliquot
266 1955 362 2019 urbes
384 1963 504 2042 captus,
528 1965 643 2032 cetera,
668 1973 740 2040 quoe
766 1967 822 2019 aut
843 1965 961 2042 ageret,
985 1965 1041 2019 aut
1063 1957 1190 2042 pararet

118 2061 186 2120 rex,
211 2062 312 2128 quum
332 2051 490 2129 argueret,
512 2039 704 2127 respondere
724 2039 767 2106 ad
785 2063 823 2106 ea
843 2040 873 2105 le
895 2041 939 2106 ati
959 2041 1049 2128 jussi.
1095 2041 1190 2110 Post·

119 2148 215 2214 quam
230 2126 432 2208 haesitabant‚
446 2127 599 2216 negantes
620 2127 681 2192 sibi
701 2127 786 2193 ultre
805 2063 981 2216 quidquem
1001 2128 1189 2195 mandatum

118 2237 198 2296 esse,
208 2215 289 2300 jussi
313 2213 501 2280 renunciare
523 2215 600 2302 regi,
620 2215 775 2280 Consulem
788 2218 830 2281 P.
845 2217 1004 2279 Licinium
1024 2216 1110 2280 brevi
1123 2238 1189 2282 cum

118 2303 256 2366 exercitu
263 2301 412 2386 ficturum
426 2303 461 2366 in
476 2301 668 2366 Macedonia
682 2321 753 2366 esse.
768 2303 813 2365 ad
828 2321 904 2378 eum,
919 2303 948 2366 si
961 2301 1140 2389 satisfacere
1154 2302 1190 2366 in

23 2423 24 2426 ¹
119 2391 224 2452 animo
239 2387 324 2463 esset,
340 2389 474 2454 mitteret
485 2389 613 2473 legatos.
643 2387 774 2451 Rumam
786 2389 868 2471 quod
876 2396 1032 2469 praeterec
1043 2389 1189 2467 mitteret,

119 2481 180 2539 urin
201 2492 285 2540 esse.-
305 2474 487 2540 ”nerninem
509 2493 610 2538 eorum
626 2482 688 2558 per
707 2471 838 2538 Italiam
860 2473 908 2536 ire
927 2471 1094 2536 liciturum.
1138 2473 1191 2560 Ita

118 2559 268 2640 dimissis,
292 2559 331 2626 P.
354 2560 482 2626 Licinio
506 2559 642 2625 consuli.
655 2559 852 2636 mandatum,
877 2559 963 2623 intra
984 2558 1191 2626 undecimum

26 2701 27 2726 ,
118 2648 202 2713 diem
211 2647 341 2734 juberet
354 2669 408 2712 eos
428 2645 523 2712 Italia
544 2645 711 2724 excedere,
727 2658 759 2710 ct
775 2647 831 2731 Sp.
847 2644 1022 2712 Carvilium
1038 2645 1189 2726 mitteret,

27 2787 28 2790 ,
119 2735 184 2822 qui,
201 2735 307 2799 donec
328 2743 439 2800 narem
461 2733 726 2812 conscendissent,
742 2730 927 2804 custodiret.
973 2731 1057 2798 Haec
1073 2733 1190 2800 Romae

118 2827 201 2902 dcta,
216 2821 362 2886 nondum
375 2819 525 2908 proiectis
539 2821 573 2884 in
587 2820 786 2906 provinciam
807 2815 1001 2884 consulibus.
1034 2820 1109 2886 Jam
1126 2819 1190 2899 Cn',

119 2907 269 2986 Sicinius,
285 2907 351 2994 qui,
372 2907 558 2995 priusquam
576 2906 764 2995 magistratu
785 2906 897 2985 abiret,
920 2905 1127 2972 Brundisium
1149 2905 1191 2974 ad

118 2995 251 3060 classem
273 3008 306 3060 et
326 2994 367 3060 ad
387 2996 563 3061 exercitum
583 2994 766 3079 praemissus
790 3005 869 3074 erat,
891 2993 1029 3078 trajectis
1051 2995 1085 3058 in
1110 2993 1190 3080 Epi-

117 3101 188 3147 rum
204 3081 348 3172 quinque
362 3077 503 3146 millibus
517 3079 672 3166 peditum,
683 3079 831 3146 trecentis
844 3079 1015 3164 equitibus,
1030 3081 1071 3146 ad
1086 3079 1190 3168 Nym-

117 3169 250 3256 phaeum
267 3168 302 3232 iu
317 3187 396 3257 agro
411 3165 609 3254 Apolloniati
630 3177 734 3232 cestre
753 3163 903 3231 habebat.
946 3165 1028 3231 lnde
1041 3165 1189 3234 tribunos

116 3263 194 3324 cunr
204 3255 334 3322 duobos
348 3253 487 3322 millibus
508 3253 645 3320 militum
666 3252 709 3319 a'd
730 3251 917 3338 occupanda
929 3238 1189 3320 Dassaretiorum

527 3405 536 3449 ¹
547 3411 639 3460 amere
650 3413 696 3461 del.
710 3415 781 3461 crev-

149 3567 182 3616 22
198 3565 259 3614 Duo
269 3561 358 3626 millia]
383 3562 449 3610 Olim
465 3562 591 3620 legebatur
601 3561 639 3606 in·
705 3560 736 3609 26
747 3562 780 3610 Iu
790 3559 862 3610 edem
872 3560 987 3626 Betim]
995 3560 1083 3610 Scribit
1094 3561 1188 3609 Grono-

37 3655 38 3686 ;
119 3629 259 3680 sulsemills
273 3627 359 3681 mildo.
392 3625 501 3674 Correxit
518 3623 638 3686 Sigonius.
672 3625 726 3674 rius
737 3627 764 3672 iu
774 3625 837 3674 crde:
851 3631 876 3674 et
886 3638 944 3672 sane
955 3625 990 3672 sie
1000 3626 1061 3672 solet
1073 3625 1166 3672 Livius.

119 3697 193 3744 Error
213 3705 304 3752 nempe
320 3699 393 3740 natus
411 3697 464 3738 erat
481 3704 511 3738 ex
527 3701 640 3736 numero·
704 3691 736 3740 27
756 3691 884 3738 Nonum
900 3703 979 3737 eorum
988 3703 1035 3750 per
1045 3689 1190 3738 Italiamire

119 3775 175 3809 rum
186 3760 253 3808 notis
264 3756 337 3808 ΜΜ.
671 3754 805 3818 liciturum]
839 3755 901 3802 Fore
919 3759 949 3800 ut
964 3754 1088 3802 neminem
1104 3767 1190 3803 eorum

149 3825 184 3874 28
202 3819 327 3882 (lucratum
343 3819 420 3882 rogati
436 3817 640 3866 cremamus·
671 3821 789 3866 liceatire
800 3833 844 3880 per
855 3819 961 3867 ltaliam.
989 3817 1044 3866 Hoc
1055 3819 1106 3866 sine
1117 3821 1195 3868 cauus
1293 3851 1296 3855 -

119 3889 181 3956 καί]
202 3887 289 3950 Vulgo
300 3887 380 3950 rogari
390 3885 491 3932 mdia.
512 3882 641 3944 Expunxit
672 3891 814 3944 suspectum
828 3882 876 3931 luit
888 3885 1018 3932 Gronovic.
1050 3877 1191 3932 Libitum

118 3955 270 4018 superfluam
291 3965 377 4000 vocem
399 3949 522 3997 Gronovio
543 3953 641 3995 auctore
673 3956 710 3995 est
720 3963 769 3996 vox
779 3949 865 4010 proba,
876 3961 925 4009 que
936 3961 996 3996 usus
1006 3952 1044 3994 est
1054 3947 1139 3996 Livius
1150 3963 1191 3996 su·

121 4019 237 4067 clericus.
673 4027 717 4074 pra
733 4015 750 4060 1.
761 4013 878 4061 xxxn.
888 4027 909 4060 c.
920 4011 960 4059 21.
972 4019 1000 4059 ut
1014 4007 1189 4064 observatias.

42 4079 43 4107 r
151 4081 186 4132 st
203 4077 387 4142 &Decimium
401 4075 643 4126 unecmiminfra
674 4078 826 4126 Gronoviuss
845 4091 904 4124 usus
915 4081 986 4124 estet
995 4077 1104 4126 ciceret.
1113 4071 1191 4126 llssad

118 4148 214 4198 mu.
228 4145 268 4195 11.
286 4147 315 4194 ur
331 4151 430 4206 praetor.
463 4143 524 4189 Inde
536 4141 643 4202 sumpsit
675 4144 728 4189 Att.
745 4141 793 4202 Ep.
806 4141 830 4189 1.
861 4141 915 4189 Nec
933 4154 1030 4189 necesse
1044 4147 1081 4189 est
1095 4150 1192 4192 mutere

120 4215 166 4261 lroc
180 4223 273 4260 nomen
287 4209 410 4272 Sigonius,
421 4219 499 4270 quum
515 4205 584 4269 prius
600 4205 641 4253 hie
674 4209 789 4255 nminem
806 4207 833 4252 in
843 4207 938 4254 mmini-
970 4205 1034 4256 Tam
1050 4205 1117 4254 enim
1131 4209 1192 4256 dici·

119 4279 244 4342 legerem
258 4277 284 4323 C.
296 4273 407 4322 Muri.
675 4273 716 4318 tur
726 4271 779 4317 licet
789 4284 826 4317 me
833 4269 969 4383 Medma,
978 4269 1054 4332 quam
1061 4267 1114 4322 teet
1124 4274 1192 4324 milri.

153 4338 186 4390 23
201 4339 235 4388 In
246 4337 372 4404 φρϋιω]
394 4335 454 4386 Viri.
465 4342 516 4386 not.
527 4335 567 4385 st,
578 4335 609 4384 sd
620 4349 642 4387 c.
676 4333 734 4383 vid
746 4333 843 4384 Noram
885 4337 967 4385 ethod.
977 4337 1068 4399 lingue
1080 4333 1184 4386 Latina.

122 4407 161 4455 ω·
172 4409 259 4466 mm·
905 4423 908 4428 '
