3120 4984
340 185 377 248 78
511 178 513 196 ’
735 175 850 240 TlTl
878 177 1013 240 LIVll

177 354 314 406 metti.
337 351 454 410 vocant
468 340 623 421 Alcidem,
639 340 794 424 conlecto,
810 345 888 410 cum'
905 345 1155 432 purpuratorum
1178 355 1209 410 et
1230 339 1405 410 satellitum

176 425 208 472 Α·
219 423 248 471 ⁰·
259 419 314 470 ¹⁷¹·
337 450 435 496 manu
449 427 607 513 proiectus
623 427 745 494 Citium
759 442 816 495 est.
839 454 877 495 eo
894 431 961 517 jam
984 453 1095 496 omnes
1111 429 1327 496 Macedonum
1343 452 1405 496 ex-

176 528 563 602 casseratas-noruntque
585 515 774 581 auxiliorum
801 531 1013 582 convenerant
1034 517 1146 600 copioe.
1192 518 1304 582 Castra
1326 530 1406 582 ante

176 605 220 650 rei.

337 599 449 666 urbem
464 602 565 686 ponit,
577 623 748 689 omnesque
762 619 901 668 armatos
912 602 976 668 l⁶in
988 625 1102 753 campo
1116 605 1242 669 struxit.
1271 603 1298 647 ⁶⁷
1307 605 1405 669 Sum·

336 709 390 752 ma
403 687 546 753 omnium
561 687 772 775 quadraginta
793 689 892 754 millia
913 703 1034 754 srrnata
1063 712 1153 754 uere:
1176 711 1311 776 quorum
1327 711 1405 775 pars

335 773 435 840 senne
449 773 580 838 dimidia
593 773 788 862 phalangitae
809 787 908 841 erant
952 776 978 816 ⁶⁸
989 775 1127 860 Hippias
1144 776 1305 841 Beroeaeus
1319 795 1406 860 prse-

335 874 415 926 erat.
459 859 593 928 Delecta
610 859 724 926 deinde
744 877 777 928 et
797 862 916 926 viribus
936 874 969 927 at
990 861 1105 927 robore
1126 863 1239 941 oetatis,
1255 885 1296 928 ex
1312 863 1405 927 omni

336 959 540 1035 caetratorum
561 969 704 1024 numero,
728 947 795 1012 duo
818 962 909 1014 erant
929 961 1091 1037 agemsta:
1116 948 1200 1012 hanc
1220 949 1282 1033 ipsi
1303 947 1406 1036 legio·

335 1055 410 1098 nem
425 1032 589 1099 vocabant.
636 1031 808 1100 Praefectos
829 1034 988 1100 habebant
1005 1033 1182 1099 leonatum
1199 1048 1232 1098 et
1246 1033 1405 1120 Thrasip-

335 1141 414 1270 lqum
429 1119 455 1160 ⁸⁹
464 1119 640 1206 Eulyestas.
686 1119 872 1186 Ceterorum
888 1134 1091 1186 caetratorum
1106 1121 1202 1187 trium
1217 1119 1316 1185 ferme
1331 1122 1406 1186 mil·

350 1205 415 1271 'um
430 1205 606 1282 hominum,
622 1205 690 1270 dux
704 1219 772 1276 erat
786 1207 973 1292 Antiphilus
988 1207 1167 1272 Edessaeus.
1213 1207 1357 1285 Paeones,
1372 1222 1408 1273 et

335 1315 378 1357 ex
392 1292 419 1337 ⁷⁰
430 1292 570 1358 Parorea
591 1308 623 1358 et
640 1291 877 1380 Parstrymonia
893 1299 982 1380 (sunt
1001 1307 1108 1358 autem
1130 1317 1167 1360 ea
1180 1293 1251 1358 loca
1265 1295 1408 1380 subjecta

337 1377 501 1460 Thraciae)
516 1390 549 1444 et
562 1379 731 1528 Aprianeq
746 1379 896 1446 admixtis
917 1381 1014 1445 etiam
1035 1379 1255 1445 ⁷¹'l'hracibus
1277 1379 1405 1458 incolis,

336 1466 434 1531 trium
449 1465 584 1530 millium
613 1487 698 1531 erme
711 1480 743 1532 et
764 1466 825 1551 ipsi
839 1467 1047 1553 expleverunt
1061 1487 1241 1532 numerum.
1286 1467 1405 1532 Atma-

239 1626 242 1636 y
335 1565 426 1618 verat
450 1563 713 1638 contraxeratque
723 1555 796 1618 *eos
822 1555 922 1618 Didas
950 1554 1060 1631 Paeon,
1088 1553 1143 1639 qui
1171 1552 1405 1618 adolescentem

336 1637 538 1704 Demetrium
554 1637 722 1704 occiderat.
766 1638 810 1704 Et
825 1654 1018 1706 armatorum
1033 1639 1099 1704 duo
1113 1639 1214 1704 millia
1229 1638 1402 1704 Gallorum

335 1737 436 1802 erant,
451 1723 604 1877 prefecto
625 1714 859 1810 Asclepiodoto.
903 1726 956 1792 Ab
979 1725 1138 1790 Heraclea
1159 1747 1202 1790 ex
1217 1725 1326 1792 Sintiis
1340 1725 1406 1790 tria

336 1811 436 1878 millia
484 1812 614 1876 hracum
630 1811 802 1877 liberorum
817 1834 909 1878 suum
924 1813 1038 1878 docem
1054 1812 1222 1877 habebant.
1268 1812 1405 1877 Creten·

336 1897 419 1962 sium
434 1919 492 1983 par
506 1920 588 1983 pene
598 1920 750 1963 numerus
761 1921 833 1964 suos
848 1897 945 1964 duces
960 1900 1164 1986 sequebatur:
1186 1899 1302 1964 Susum
1317 1897 1405 1964 Pha·

336 1984 515 2050 lasarneum
538 2001 569 2050 et
586 1983 709 2073 Syllum
726 1984 910 2050 Gnossium.
955 1985 999 2051 Et
1021 1985 1178 2051 Leonides
1197 1984 1407 2051 Lacedaemo·

336 2070 410 2136 nius
437 2071 618 2159 quingentis
639 2093 679 2136 ex
701 2070 841 2149 Graecia,
866 2072 967 2138 mixtsr
988 2072 1098 2162 generi
1119 2071 1298 2152 hominum,
1318 2094 1406 2158 proe·

335 2171 412 2222 erat.
474 2158 569 2245 Regii
596 2157 623 2222 is
674 2158 777 2223 encris
804 2158 981 2236 ferebatur3
1016 2157 1118 2237 exsul,
1145 2160 1312 2224 damnatus
1339 2157 1407 2223 fre·

335 2242 446 2331 quenti
460 2245 596 2310 concilio
612 2179 818 2322 Admotum,
832 2245 932 2310 literis
945 2245 987 2310 ad
1003 2245 1118 2310 Persea
1131 2244 1303 2331 deprensis.
1341 2243 1406 2310 ΙΕ-

335 2330 475 2420 tolorum
490 2343 522 2396 et
538 2331 737 2410 Boeotorum,
753 2332 808 2418 qui
830 2352 896 2396 non
917 2331 1088 2417 explebant
1109 2331 1181 2417 plos
1220 2352 1293 2396 uam
1308 2331 1405 2418 quin·

335 2430 504 2572 ἔθηῐοτιιω
528 2440 636 2483 omnes
657 2439 837 2497 numerum,
861 2417 952 2505 Lyco
976 2418 1113 2487 Achaeus
1135 2355 1302 2504 praelectus
1323 2430 1404 2484 erat.

368 2526 391 2568 x
406 2504 454 2570 his
469 2504 577 2570 mixtis
591 2516 639 2569 tot
653 2503 856 2589 populorum,
872 2515 920 2570 tot
938 2505 1082 2594 gentium
1097 2504 1220 2570 auxiliis
1233 2502 1405 2570 duodecim

336 2589 437 2655 millia
447 2602 642 2657 armatorum
653 2589 753 2655 ferme
762 2590 988 2656 efficiebantur.
1022 2590 1176 2678 Equitum
1193 2613 1235 2654 ex
1248 2603 1315 2656 tota
1328 2589 1405 2656 Ma·

337 2676 472 2742 redonis
482 2687 683 2742 contraxerat
693 2677 755 2741 tria
770 2675 878 2744 millia.
917 2677 1057 2745 Venerat
1071 2677 1182 2743 eodem
1197 2677 1307 2764 Cotys,
1321 2677 1405 2743 Seu-

337 2761 403 2827 thae
417 2761 514 2840 filius,
531 2783 588 2827 rex
600 2761 705 2849 gentis
720 2762 931 2851 Odrysarum,
946 2785 1020 2830 cum
1042 2764 1129 2830 mille
1145 2763 1274 2829 delectis
1287 2763 1405 2851 equiti-

336 2847 407 2925 bus,
422 2849 493 2934 pari
507 2847 606 2912 ferme
626 2846 771 2934 peditum
792 2871 937 2916 numero.
981 2853 1113 2916 Summa
1134 2852 1230 2918 totius
1248 2850 1406 2916 exercitus

336 2935 470 3022 triginta
480 2955 595 3000 novem
607 2934 708 3000 millia
718 2934 860 3021 peditum
872 2945 974 3017 erant,
986 2950 1123 3024 quatuor
1134 2937 1286 3023 equitnm.
1319 2936 1406 3002 Satis

337 3019 514 3100 constabat,
528 3021 737 3086 ”secundum
752 3045 826 3088 eum
841 3023 1027 3103 exercitum,
1039 3046 1133 3111 quem
1149 3023 1291 3114 Magnus
1305 3023 1407 3090 Alex·

338 3198 393 3247 bur.
424 3196 455 3246 1n
471 3197 536 3246 hanc
551 3203 661 3245 mentem
676 3212 734 3248 eum
750 3201 857 3248 deduxe-
887 3201 1058 3262 propinquam.
1084 3197 1266 3259 Porstrmnonio
1285 3196 1353 3258 regio
1368 3203 1409 3245 est

338 3267 397 3309 runt
404 3263 452 3309 alia
461 3264 574 3324 quaedam
584 3263 703 3312 Minervse
712 3267 857 3326 cognomina
888 3267 920 3313 ad
931 3266 1094 3326 Strymonem.
1225 3312 1227 3316 .

338 3326 396 3373 huic
413 3327 504 3386 affinia,
520 3334 549 3374 ut
565 3325 663 3384 Δάας,
680 3331 765 3391 populi
782 3331 855 3387 salus,
920 3329 949 3378 tl
960 3327 1110 3376 'Thracibus
1116 3325 1352 3390 iomlisfflrscibus
1359 3327 1407 3387 qui

337 3389 490 3454 'niumm
501 3392 597 3440 fortiter
606 3407 727 3454 pugnans.
887 3394 1057 3456 inAgrianum
1065 3393 1188 3454 regionem
1197 3391 1408 3448 transierantibi·

370 3455 403 3504 66
419 3457 452 3503 In
467 3468 547 3518 campo
561 3457 662 3521 atros-it]
681 3458 772 3506 Mallus
789 3459 856 3506 vide·
887 3472 935 3520 que
945 3457 1096 3505 habitabant.

337 3527 407 3568 retur
416 3521 539 3568 Gronovlo
548 3523 670 3569 tramit.
920 3522 951 3570 ⁷2
967 3521 1099 3569 Sortsdum
1113 3534 1165 3568 rum
1186 3522 1315 3570 amcitum
1336 3535 1406 3583 qum

371 3585 403 3633 67
419 3584 519 3633 Summa
534 3585 650 3650 mnium]
667 3585 716 3633 Vel
731 3587 772 3634 hic
782 3587 855 3634 intel·
886 3587 996 3648 Magnos
1012 3584 1159 3648 Akemder]
1183 3587 1223 3634 Ita
1236 3587 1344 3646 loquitur
1362 3585 1407 3632 Li-

337 3649 431 3710 ligandi
441 3657 500 3698 runt
514 3651 561 3697 soli
576 3651 677 3710 pedites,
688 3652 727 3698 vel
740 3664 856 3698 numerus
887 3653 952 3710 vius,
963 3651 1033 3712 quasi
1043 3650 1175 3698 Alexandri
1190 3648 1406 3707 nominaretur

337 3715 402 3763 male
411 3720 543 3776 conceptus
554 3723 600 3773 est,
610 3715 788 3775 legendumque
798 3729 856 3776 qua·
888 3717 970 3776 copias
977 3717 1160 3776 velruperasset
1168 3729 1280 3772 numero,
1289 3715 1328 3763 vel
1339 3721 1408 3762 certe

337 3777 449 3840 draginta
459 3779 507 3825 tris
517 3779 600 3826 mittio.
622 3779 678 3826 vid.
695 3779 740 3826 hoc
751 3780 804 3840 ipso
815 3793 855 3828 ca·
888 3787 1016 3841 aequasset.
1049 3781 1150 3828 cenem
1164 3786 1248 3828 tamen
1262 3793 1294 3827 ax
1305 3775 1409 3840 sc'ripto·

337 3843 390 3904 pite
400 3856 485 3892 versus
495 3845 579 3891 finem.
886 3858 943 3892 rum
959 3845 1071 3892 omnium
1088 3857 1217 3900 canusso,
1234 3845 1317 3905 ipsum
1332 3845 1407 3891 illum

371 3908 404 3956 68
419 3908 526 3970 Hippios
541 3907 668 3971 Brroeoeur]
694 3906 760 3955 Olim
775 3909 856 3955 ΒΜ·
886 3909 1021 3956 exercitum
1032 3909 1257 3956 Orbisdomitorem
1266 3910 1410 3956 minuami-

337 3987 380 4020 ωε
401 3979 431 4020 ut
446 3980 472 4021 st
492 3972 557 4020 infra
575 3973 700 4035 legebatur
718 3971 856 4034 Astyrum
886 3974 960 4022 litum
970 3974 1175 4035 mnmssqquaso
1185 3980 1246 4034 quot
1256 3986 1341 4022 secum
1348 3973 1408 4020 Per·

337 4037 459 4086 Missam
485 4052 529 4100 pro
551 4036 680 4088 eruam.
718 4037 856 4100 Utrumque
887 4051 943 4086 aeus
964 4040 1075 4086 ducebat
1108 4037 1239 4086 Plutarcho
1258 4043 1357 4086 auctore
1378 4037 1407 4086 in

338 4113 429 4150 nomen
441 4104 544 4150 correxit
554 4102 620 4149 idem
629 4102 749 4164 Sigonius.
887 4104 1037 4162 Alexandro,
1054 4103 1179 4165 copiarum
1199 4099 1252 4166 ejus
1272 4115 1407 4150 numerum

371 4165 404 4214 69
420 4163 557 4228 aarum]
568 4166 706 4223 Turnebus,
714 4166 856 4229 Blumiotus.
887 4167 930 4228 qui
944 4168 1081 4215 maximum
1098 4167 1204 4226 edidere,
1214 4169 1315 4215 madunt
1330 4166 1409 4216 fuisse

340 4230 413 4278 Forte
423 4231 558 4292 Lyendos
586 4233 760 4281 Gnortovrttt.
887 4238 992 4294 quotuor
1004 4239 1030 4280 et
1045 4233 1147 4294 triginta
1162 4233 1269 4280 millium
1284 4231 1408 4292 peditum,

373 4294 406 4344 70
421 4296 537 4360 Porum]
570 4295 624 4344 Hoc
635 4310 725 4344 noman
736 4311 767 4344 οι
778 4296 857 4345 vivo·
887 4297 999 4358 equitum
1015 4301 1126 4359 quatuor.
1159 4297 1284 4356 lustinus,
1295 4297 1312 4343 l.
1323 4295 1371 4342 Xl·
1383 4310 1406 4343 c.

338 4361 420 4409 ,eubuli
446 4360 561 4422 expriorit
586 4361 709 4422 regionem
732 4362 856 4412 montibus
888 4363 911 4410 tr.
927 4362 1028 4424 triginta
1042 4363 1092 4410 duo
1107 4361 1131 4410 ei
1146 4363 1257 4424 peditum
1273 4360 1409 4410 millistri-
