3056 4976
358 497 898 674 ‘FRAGMENTA‘
925 537 1092 638 nuo
1127 502 1323 636 mvn
1400 496 1401 504 i
1508 625 1509 698 z

663 769 740 845 DE
767 759 1079 848 CICERONEJ

764 979 964 1018 n*-

574 1125 627 1188 Ea
641 1125 754 1190 Soteco
765 1135 866 1207 patre,
880 1126 1027 1195 Suasoris
1041 1134 1138 1189 aestu.

316 1237 393 1337 M·
419 1265 611 1341 CICERO,
624 1265 684 1330 sub
698 1265 867 1331 adventum
882 1263 1140 1330 Triumvirorum
1163 1277 1299 1331 cesserat
1320 1265 1410 1341 urbe,
1508 1263 1509 1328 3

313 1376 377 1441 pro
390 1367 479 1420 certo
501 1353 629 1430 babens,
646 1352 678 1415 id
701 1353 788 1439 quod
807 1365 888 1434 erat,
902 1375 967 1416 non
989 1353 1090 1502 nappis
1106 1351 1249 1416 Antonio
1271 1352 1352 1436 eripi
1367 1375 1409 1428 se,
1476 1408 1478 1423 ,
1508 1363 1509 1446 2

314 1462 412 1590 poam
423 1439 542 1507 Caesari
553 1438 697 1504 Cassium
707 1452 738 1504 et
747 1439 895 1520 Brutum,
902 1461 1003 1524 posse.
1057 1437 1138 1502 rimo
1148 1439 1179 1503 in
1190 1437 1410 1518 Tusculanum

330 1528 409 1616 ugit,
424 1525 499 1592 inde
514 1526 698 1592 transversis
718 1526 884 1590 itineribus
905 1527 938 1590 in
955 1525 1172 1601 Formianum,
1187 1537 1225 1588 ut
1242 1527 1283 1591 ab
1299 1525 1411 1612 Cajeta
1508 1537 1509 1582 l

313 1613 421 1680 navim
435 1635 676 1693 conscensurus,
689 1609 910 1699 proficiscitur.
956 1609 1051 1678 Unde
1074 1612 1238 1698 aliquoties
1261 1615 1293 1677 in
1309 1611 1410 1676 altum
1508 1625 1509 1676 1

314 1713 511 1786 proveetum,
528 1722 627 1788 quum
649 1698 746 1765 modo
767 1700 853 1764 venti
875 1699 997 1764 adversi
1019 1698 1208 1778 retulissent,
1224 1698 1321 1764 modo
1343 1697 1412 1784 ipse

308 1787 515 1874 jactationem
538 1787 738 1866 navisssaem
759 1785 903 1850 volvente
923 1785 1032 1861 fluctu,
1047 1785 1115 1870 pati
1135 1805 1201 1848 non
1223 1798 1411 1871 possentne·

314 1873 405 1938 dium
419 1874 548 1940 tandem
563 1884 635 1938 curn
650 1887 683 1938 et
696 1871 780 1960 fugae
795 1885 827 1938 et
843 1873 914 1937 vitae
936 1871 1039 1957 cepit:
1062 1893 1097 1934 re
1136 1893 1285 1958 essusque
1300 1872 1341 1936 ad
1357 1895 1411 1938 su·

314 1959 472 2046 petionem
487 1959 605 2037 villam,
621 1982 694 2046 quae
709 1959 806 2041 paulo
827 1959 897 2042 plus
918 1957 1004 2022 mille
1024 1893 1168 2044 passffius
1183 1981 1200 2021 a
1216 1959 1295 2022 mari
1309 1957 1411 2036 abest,

314 2045 450 2126 Moriar,
466 2047 499 2112 in
523 2045 579 2123 uit,
595 2049 630 2110 ia
650 2047 754 2130 patrio
775 2066 854 2129 saepe
875 2053 1008 2111 servata.
1055 2043 1137 2109 Satis
1159 2055 1283 2109 constat
1304 2067 1412 2109 servos

313 2069 876 2222 fortiter'fideiiterqueparatosluisse
886 2129 1164 2196 addimicandum:
1180 2131 1413 2217 ipsumdeponi

313 2217 469 2298 lecticam,
486 2235 518 2286 et
539 2221 662 2307 quietos
684 2220 762 2306 pati,
807 2217 872 2283 uod
893 2239 961 2283 sors
984 2215 1093 2304 iniqua
1115 2229 1252 2307 cogeret,
1269 2219 1412 2305 jussisse.

315 2305 513 2375 Prominenti
528 2329 569 2371 ex
582 2305 705 2384 lectica,
721 2241 940 2392 praebentique
953 2304 1118 2368 immotam
1134 2303 1297 2380 cervicem,
1313 2317 1412 2390 caput

221 2458 225 2466 ,
313 2395 482 2479 praecisum
498 2407 554 2460 est.
589 2395 659 2460 Nec
674 2396 747 2460 satis
762 2391 885 2457 stolidae
900 2389 1081 2457 crudelitati
1097 2391 1231 2455 militum
1246 2389 1322 2455 fuit:
1342 2414 1411 2456 ma-

313 2502 374 2546 nus
385 2503 523 2569 quoque,
535 2480 696 2565 scripsisse
705 2480 740 2544 in
754 2479 930 2546 Antonium
943 2476 1063 2582 aliquid
1078 2478 1316 2563 exprobrantes,
1327 2499 1412 2562 proe-

313 2567 472 2634 ciderunt.
502 2567 554 2634 Ita
568 2569 702 2632 relatum
718 2578 813 2652 caput
826 2565 868 2631 ad
881 2567 1070 2642 Antonium,
1078 2566 1231 2664 jussuque
1246 2565 1312 2649 ejus
1327 2567 1411 2629 inter

313 2653 393 2718 duas
404 2675 516 2719 manus
526 2654 560 2718 in
574 2653 700 2719 Rostris
712 2651 859 2738 positum,
870 2653 926 2717 ubi
937 2652 991 2716 ille
1005 2651 1130 2728 consul,
1139 2651 1192 2716 ubr
1202 2669 1285 2735 saepe
1294 2671 1411 2716 eonsu-

314 2740 399 2816 laris‚
416 2739 472 2806 ubi
486 2762 525 2804 eo
547 2741 617 2826 ipso
638 2738 733 2804 ariao
746 2738 895 2805 adversus
911 2737 1099 2822 Antonium,
1115 2751 1232 2824 quanta
1246 2737 1336 2802 nulla
1350 2760 1410 2802 un·
1508 2791 1509 2804 ,

315 2819 410 2912 quain
420 2825 560 2892 humana
570 2849 634 2892 vox
647 2848 719 2892 cum
732 2825 941 2922 admiratione
951 2826 1150 2926 eloquentiae,
1162 2822 1409 2910 auditusfuerat.
1508 2821 1509 2880 l

315 2913 390 2986 le,
405 2910 585 2980 attollentes
609 2911 784 3006 *lacrymis
805 2909 915 2978 oculos
939 2911 1094 2990 hommes,
1115 2909 1231 2978 intueri
1251 2911 1410 2977 trucidata
1508 2949 1509 2964 κ

195 2989 201 3002 ’
249 3055 273 3099 ·.
291 3043 296 3050 ·
314 2999 457 3065 membra
470 2999 538 3098 ejus
553 3009 710 3086 poterant.

742 3235 973 3319 IBIDEM.

295 3499 299 3506 ‚
316 3421 477 3519 lelr
487 3464 550 3518 tres
561 3464 593 3518 et
603 3452 771 3540 sexaginta
782 3473 899 3516 annos:
922 3461 967 3528 ut,
980 3450 1063 3515 siris
1075 3449 1407 3530 abluissetneimma-
1508 3409 1509 3444 r

313 3550 385 3605 tura
400 3539 527 3627 quidem
544 3542 630 3604 mors
641 3539 741 3603 videri
751 3536 859 3622 possit.
884 3537 1053 3622 Ingenium
1066 3550 1099 3602 et
1110 3539 1268 3623 operibus,
1281 3553 1311 3604 et
1324 3562 1406 3625 prae-

313 3626 385 3692 miis
406 3647 540 3712 operum
562 3623 649 3690 felix.
691 3627 763 3710 lpse
784 3627 922 3688 fortunae
945 3623 999 3688 diu
1020 3646 1193 3708 prosperae,
1209 3638 1241 3691 et
1260 3626 1294 3690 in
1309 3626 1407 3728 longo

313 3715 423 3778 tenore
433 3711 601 3790 felicitatis,
610 3715 734 3799 magnis
745 3711 871 3775 interim
883 3709 965 3774 ictus
976 3709 1167 3788 vulneribus,
1180 3711 1302 3790 exsilio,
1315 3736 1407 3778 ruma
1508 3705 1509 3728 ¹

311 3801 451 3886 partium
467 3821 526 3887 pro
540 3798 655 3886 quibus
669 3805 807 3874 steterat,
819 3795 895 3860 filiae
906 3807 1019 3872 morte,
1032 3799 1119 3862 exitu
1135 3810 1199 3862 tam
1214 3799 1297 3864 tristi
1312 3815 1345 3864 at
1368 3823 1406 3864 ue
1508 3845 1509 3850 η

311 3887 440 3968 xacerbo,
455 3886 598 3952 omnium
617 3883 822 3950 sdversomm
838 3881 927 3960 nihil,
944 3895 980 3948 ut
993 3883 1063 3948 viro
1077 3883 1210 3971 dignum
1227 3899 1306 3964 erat,
1323 3823 1404 3963 triiit,
1508 3911 1509 3966 g

313 3984 430 4057 praeter
441 3985 594 4039 mortem:
611 3993 694 4058 quar,
705 3993 780 4036 vere
789 3969 967 4048 aestimanti,
981 3970 1083 4036 minus
1095 3970 1227 4060 indigna
1238 3972 1337 4038 videri
1350 3996 1406 4061 po-
1508 3975 1509 3990 ¹

312 4059 386 4140 tuit,
396 4058 481 4147 quod
496 4082 517 4126 a
530 4060 650 4124 victore
663 4057 793 4123 inimico
805 4055 883 4121 nihil
894 4049 1053 4122 crudelius
1064 4079 1212 4142 passurus
1224 4072 1301 4136 erat,
1312 4082 1406 4147 quum

312 4145 400 4230 quod
415 4145 554 4233 ejusdem
568 4145 706 4211 fortuuoe
719 4164 850 4229 compos
861 4142 1067 4227 ipsefecisset.
1100 4144 1133 4209 Si
1145 4146 1216 4230 quis
1226 4158 1332 4210 tamen
1346 4148 1406 4212 air-

268 4245 271 4248 '
311 4232 431 4298 tutibus
447 4232 521 4298 vitia
534 4234 683 4320 pensarit,
698 4231 748 4296 vir
761 4251 907 4320 magnus,
921 4251 1004 4307 acer,
1019 4231 1236 4296 memorabilis
1249 4231 1319 4310 fuit,
1332 4234 1406 4298 etin
1508 4291 1509 4308 ,

312 4319 402 4405 cujus
416 4318 524 4385 laudes
537 4319 768 4406 persequendas
783 4318 938 4385 Cicerone
951 4316 1116 4383 laudatore
1130 4341 1210 4406 opus
1223 4317 1329 4385 fuerit.
