<?xml version="1.0" encoding="UTF-8"?>
<!DOCTYPE html PUBLIC "-//W3C//DTD XHTML 1.0 Transitional//EN"
    "http://www.w3.org/TR/xhtml1/DTD/xhtml1-transitional.dtd">
<html xmlns="http://www.w3.org/1999/xhtml" xml:lang="en" lang="en">
 <head>
  <title>
</title>
<meta http-equiv="Content-Type" content="text/html;charset=utf-8" />
  <meta name='ocr-system' content='tesseract 3.04.00' />
  <meta name='ocr-capabilities' content='ocr_page ocr_carea ocr_par ocr_line ocrx_word'/>
</head>
<body>
  <div class='ocr_page' id='page_1' title='image "./tliviipatavinih03crevgoog_0256.png"; bbox 0 0 3120 4984; ppageno 0'>
   <div class='ocr_carea' id='block_1_1' title="bbox 439 220 1198 289">
    <p class='ocr_par' dir='ltr' id='par_1_1' title="bbox 439 220 1198 289">
     <span class='ocr_line' id='line_1_1' title="bbox 439 220 1198 289; baseline 0.005 -11"><span class='ocrx_word' id='word_1_1' title='bbox 439 220 533 282; x_wconf 84' lang='lat' dir='ltr'>LIB.</span> <span class='ocrx_word' id='word_1_2' title='bbox 554 221 673 280; x_wconf 87' lang='lat' dir='ltr'>XLIII.</span> <span class='ocrx_word' id='word_1_3' title='bbox 699 221 803 281; x_wconf 82' lang='lat' dir='ltr'><strong>CAP.</strong></span> <span class='ocrx_word' id='word_1_4' title='bbox 823 221 881 280; x_wconf 87' lang='lat' dir='ltr'><strong>Xl.</strong></span> <span class='ocrx_word' id='word_1_5' title='bbox 1075 283 1078 289; x_wconf 74' lang='grc'><em>,</em></span> <span class='ocrx_word' id='word_1_6' title='bbox 1140 221 1198 282; x_wconf 81' lang='lat'><strong>105</strong></span> 
     </span>
    </p>
   </div>
   <div class='ocr_carea' id='block_1_2' title="bbox 127 375 1343 1768">
    <p class='ocr_par' dir='ltr' id='par_1_2' title="bbox 128 375 1343 732">
     <span class='ocr_line' id='line_1_2' title="bbox 130 375 1343 473; baseline 0.002 -26"><span class='ocrx_word' id='word_1_7' title='bbox 130 393 270 460; x_wconf 80' lang='lat' dir='ltr'><strong>venerat,</strong></span> <span class='ocrx_word' id='word_1_8' title='bbox 293 396 366 448; x_wconf 87' lang='lat' dir='ltr'><strong>sunt</strong></span> <span class='ocrx_word' id='word_1_9' title='bbox 387 383 504 450; x_wconf 87' lang='lat' dir='ltr'><strong>audita.</strong></span> <span class='ocrx_word' id='word_1_10' title='bbox 544 375 687 472; x_wconf 68' lang='lat' dir='ltr'><strong>&#39;Propter</strong></span> <span class='ocrx_word' id='word_1_11' title='bbox 709 408 780 473; x_wconf 81' lang='lat' dir='ltr'><strong>quae</strong></span> <span class='ocrx_word' id='word_1_12' title='bbox 803 380 894 451; x_wconf 82' lang='lat' dir='ltr'><strong>veriti</strong></span> <span class='ocrx_word' id='word_1_13' title='bbox 919 382 1039 464; x_wconf 81' lang='lat' dir='ltr'><strong>Patres,</strong></span> <span class='ocrx_word' id='word_1_14' title='bbox 1062 407 1103 450; x_wconf 86' lang='lat' dir='ltr'><strong>ne</strong></span> <span class='ocrx_word' id='word_1_15' title='bbox 1124 381 1343 471; x_wconf 65' lang='lat' dir='ltr'><strong>quamtus.</strong></span> 
     </span>
     <span class='ocr_line' id='line_1_3' title="bbox 130 466 1342 560; baseline 0.001 -25"><span class='ocrx_word' id='word_1_16' title='bbox 130 471 232 556; x_wconf 88' lang='lat' dir='ltr'><strong>major</strong></span> <span class='ocrx_word' id='word_1_17' title='bbox 254 470 428 558; x_wconf 87' lang='lat' dir='ltr'><strong>ignominia</strong></span> <span class='ocrx_word' id='word_1_18' title='bbox 449 472 656 557; x_wconf 79' lang='lat' dir='ltr'><strong>acciperetur,</strong></span> <span class='ocrx_word' id='word_1_19' title='bbox 677 472 797 560; x_wconf 83' lang='lat' dir='ltr'><strong>legatos</strong></span> <span class='ocrx_word' id='word_1_20' title='bbox 824 474 856 536; x_wconf 93' lang='lat' dir='ltr'><strong>in</strong></span> <span class='ocrx_word' id='word_1_21' title='bbox 884 471 1120 551; x_wconf 89' lang='lat' dir='ltr'><strong>Macedoniam,</strong></span> <span class='ocrx_word' id='word_1_22' title='bbox 1145 467 1273 538; x_wconf 60' lang='lat' dir='ltr'><strong>Mil-‘r</strong></span> <span class='ocrx_word' id='word_1_23' title='bbox 1290 466 1342 514; x_wconf 74' lang='lat'><strong>¹⁷⁰·</strong></span> 
     </span>
     <span class='ocr_line' id='line_1_4' title="bbox 131 555 1196 643; baseline 0 -21"><span class='ocrx_word' id='word_1_24' title='bbox 131 555 284 622; x_wconf 87' lang='lat' dir='ltr'><strong>Fulvium</strong></span> <span class='ocrx_word' id='word_1_25' title='bbox 304 556 465 638; x_wconf 78' lang='lat' dir='ltr'><strong>Flaccum,</strong></span> <span class='ocrx_word' id='word_1_26' title='bbox 482 573 514 623; x_wconf 91' lang='lat' dir='ltr'><strong>et</strong></span> <span class='ocrx_word' id='word_1_27' title='bbox 530 560 577 622; x_wconf 89' lang='lat' dir='ltr'><strong>M.</strong></span> <span class='ocrx_word' id='word_1_28' title='bbox 594 559 766 642; x_wconf 84' lang='lat' dir='ltr'><strong>Caninium</strong></span> <span class='ocrx_word' id='word_1_29' title='bbox 784 558 943 636; x_wconf 87' lang='lat' dir='ltr'>Rebilum,</span> <span class='ocrx_word' id='word_1_30' title='bbox 962 561 1125 634; x_wconf 80' lang='lat' dir='ltr'><strong>miserunt,</strong></span> <span class='ocrx_word' id='word_1_31' title='bbox 1142 559 1196 643; x_wconf 91' lang='lat' dir='ltr'><strong>qui</strong></span> 
     </span>
     <span class='ocr_line' id='line_1_5' title="bbox 128 645 1198 732; baseline 0.003 -25"><span class='ocrx_word' id='word_1_32' title='bbox 128 655 302 729; x_wconf 84' lang='lat' dir='ltr'><strong>comperta,</strong></span> <span class='ocrx_word' id='word_1_33' title='bbox 329 665 402 730; x_wconf 81' lang='lat' dir='ltr'><strong>quse</strong></span> <span class='ocrx_word' id='word_1_34' title='bbox 428 659 606 732; x_wconf 82' lang='lat' dir='ltr'>agerentur,</span> <span class='ocrx_word' id='word_1_35' title='bbox 631 645 800 710; x_wconf 81' lang='lat' dir='ltr'><strong>referrent:</strong></span> <span class='ocrx_word' id='word_1_36' title='bbox 834 659 867 710; x_wconf 89' lang='lat' dir='ltr'><strong>et</strong></span> <span class='ocrx_word' id='word_1_37' title='bbox 888 645 954 710; x_wconf 84' lang='lat' dir='ltr'><strong>⁴⁵ut</strong></span> <span class='ocrx_word' id='word_1_38' title='bbox 978 651 1017 710; x_wconf 85' lang='lat' dir='ltr'><strong>A.</strong></span> <span class='ocrx_word' id='word_1_39' title='bbox 1039 645 1198 710; x_wconf 91' lang='lat' dir='ltr'><strong>Hostilius</strong></span> 
     </span>
    </p>

    <p class='ocr_par' dir='ltr' id='par_1_3' title="bbox 127 729 1200 904">
     <span class='ocr_line' id='line_1_6' title="bbox 128 729 1198 819; baseline 0.002 -25"><span class='ocrx_word' id='word_1_40' title='bbox 128 729 243 794; x_wconf 91' lang='lat' dir='ltr'><strong>consul</strong></span> <span class='ocrx_word' id='word_1_41' title='bbox 256 730 384 795; x_wconf 89' lang='lat' dir='ltr'><strong>comitia</strong></span> <span class='ocrx_word' id='word_1_42' title='bbox 395 731 577 795; x_wconf 87' lang='lat' dir='ltr'><strong>consulibus</strong></span> <span class='ocrx_word' id='word_1_43' title='bbox 592 731 800 819; x_wconf 82' lang='lat' dir='ltr'><strong>subrogandis</strong></span> <span class='ocrx_word' id='word_1_44' title='bbox 817 735 860 795; x_wconf 87' lang='lat' dir='ltr'><strong>ita</strong></span> <span class='ocrx_word' id='word_1_45' title='bbox 870 732 1018 809; x_wconf 87' lang='lat' dir='ltr'><strong>ediceret,</strong></span> <span class='ocrx_word' id='word_1_46' title='bbox 1030 735 1075 797; x_wconf 94' lang='lat' dir='ltr'><strong>uti</strong></span> <span class='ocrx_word' id='word_1_47' title='bbox 1090 754 1198 796; x_wconf 88' lang='lat' dir='ltr'><strong>mense</strong></span> 
     </span>
     <span class='ocr_line' id='line_1_7' title="bbox 127 817 1200 904; baseline -0.001 -23"><span class='ocrx_word' id='word_1_48' title='bbox 127 817 283 881; x_wconf 86' lang='lat' dir='ltr'><strong>Januario</strong></span> <span class='ocrx_word' id='word_1_49' title='bbox 305 817 435 882; x_wconf 89' lang='lat' dir='ltr'><strong>comitia</strong></span> <span class='ocrx_word' id='word_1_50' title='bbox 458 819 569 882; x_wconf 86' lang='lat' dir='ltr'><strong>baberi</strong></span> <span class='ocrx_word' id='word_1_51' title='bbox 589 833 726 903; x_wconf 77' lang='lat' dir='ltr'><strong>possent,</strong></span> <span class='ocrx_word' id='word_1_52' title='bbox 742 831 774 882; x_wconf 91' lang='lat' dir='ltr'><strong>et</strong></span> <span class='ocrx_word' id='word_1_53' title='bbox 796 829 831 881; x_wconf 92' lang='lat' dir='ltr'><strong>ut</strong></span> <span class='ocrx_word' id='word_1_54' title='bbox 849 817 955 903; x_wconf 90' lang='lat' dir='ltr'><strong>primo</strong></span> <span class='ocrx_word' id='word_1_55' title='bbox 969 840 1097 904; x_wconf 89' lang='lat' dir='ltr'><strong>quoque</strong></span> <span class='ocrx_word' id='word_1_56' title='bbox 1118 833 1200 884; x_wconf 90' lang='lat' dir='ltr'><strong>tem-</strong></span> 
     </span>
    </p>

    <p class='ocr_par' dir='ltr' id='par_1_4' title="bbox 128 903 1199 1071">
     <span class='ocr_line' id='line_1_8' title="bbox 128 903 1198 988; baseline 0.002 -22"><span class='ocrx_word' id='word_1_57' title='bbox 128 925 208 988; x_wconf 88' lang='lat' dir='ltr'><strong>pore</strong></span> <span class='ocrx_word' id='word_1_58' title='bbox 240 905 272 967; x_wconf 91' lang='lat' dir='ltr'><strong>in</strong></span> <span class='ocrx_word' id='word_1_59' title='bbox 311 903 422 968; x_wconf 71' lang='lat' dir='ltr'><strong>urbm</strong></span> <span class='ocrx_word' id='word_1_60' title='bbox 461 903 588 970; x_wconf 85' lang='lat' dir='ltr'><strong>rediret.</strong></span> <span class='ocrx_word' id='word_1_61' title='bbox 635 905 766 968; x_wconf 87' lang='lat' dir='ltr'><strong>Interim</strong></span> <span class='ocrx_word' id='word_1_62' title='bbox 796 903 878 968; x_wconf 68' lang='grc' dir='ltr'><strong>40Μ.</strong></span> <span class='ocrx_word' id='word_1_63' title='bbox 909 905 1038 968; x_wconf 71' lang='lat' dir='ltr'><strong>Raecioh</strong></span> <span class='ocrx_word' id='word_1_64' title='bbox 1068 907 1198 987; x_wconf 88' lang='lat' dir='ltr'><strong>praetori</strong></span> 
     </span>
     <span class='ocr_line' id='line_1_9' title="bbox 128 989 1199 1071; baseline 0.002 -18"><span class='ocrx_word' id='word_1_65' title='bbox 128 989 328 1067; x_wconf 88' lang='lat' dir='ltr'><strong>mandatum,</strong></span> <span class='ocrx_word' id='word_1_66' title='bbox 355 1003 390 1054; x_wconf 94' lang='lat' dir='ltr'><strong>ut</strong></span> <span class='ocrx_word' id='word_1_67' title='bbox 412 991 517 1055; x_wconf 88' lang='lat' dir='ltr'><strong>edicto</strong></span> <span class='ocrx_word' id='word_1_68' title='bbox 537 1002 697 1054; x_wconf 87' lang='lat' dir='ltr'><strong>senatores</strong></span> <span class='ocrx_word' id='word_1_69' title='bbox 719 1013 830 1054; x_wconf 90' lang='lat' dir='ltr'><strong>omues</strong></span> <span class='ocrx_word' id='word_1_70' title='bbox 851 1013 892 1055; x_wconf 83' lang='lat' dir='ltr'><strong>ex</strong></span> <span class='ocrx_word' id='word_1_71' title='bbox 917 1003 985 1055; x_wconf 90' lang='lat' dir='ltr'><strong>tota</strong></span> <span class='ocrx_word' id='word_1_72' title='bbox 1006 990 1101 1056; x_wconf 89' lang='lat' dir='ltr'><strong>ltalia</strong></span> <span class='ocrx_word' id='word_1_73' title='bbox 1126 992 1199 1071; x_wconf 89' lang='lat' dir='ltr'><strong>(nisi</strong></span> 
     </span>
    </p>

    <p class='ocr_par' dir='ltr' id='par_1_5' title="bbox 129 1076 1199 1249">
     <span class='ocr_line' id='line_1_10' title="bbox 129 1076 1199 1162; baseline 0.003 -23"><span class='ocrx_word' id='word_1_74' title='bbox 129 1077 182 1160; x_wconf 91' lang='lat' dir='ltr'><strong>qui</strong></span> <span class='ocrx_word' id='word_1_75' title='bbox 209 1076 397 1162; x_wconf 85' lang='lat' dir='ltr'><strong>reipublicae</strong></span> <span class='ocrx_word' id='word_1_76' title='bbox 422 1100 533 1141; x_wconf 80' lang='lat' dir='ltr'><strong>caussa</strong></span> <span class='ocrx_word' id='word_1_77' title='bbox 562 1077 718 1157; x_wconf 90' lang='lat' dir='ltr'><strong>abessent)</strong></span> <span class='ocrx_word' id='word_1_78' title='bbox 748 1078 884 1142; x_wconf 81' lang='lat' dir='ltr'><strong>Romam</strong></span> <span class='ocrx_word' id='word_1_79' title='bbox 914 1092 1086 1142; x_wconf 85' lang='lat' dir='ltr'><strong>revocaret.</strong></span> <span class='ocrx_word' id='word_1_80' title='bbox 1131 1077 1199 1154; x_wconf 85' lang='lat' dir='ltr'><strong>Qui</strong></span> 
     </span>
     <span class='ocr_line' id='line_1_11' title="bbox 132 1162 1199 1249; baseline 0.002 -23"><span class='ocrx_word' id='word_1_81' title='bbox 132 1162 249 1226; x_wconf 70' lang='grc' dir='ltr'>Ριοωω</span> <span class='ocrx_word' id='word_1_82' title='bbox 271 1176 384 1241; x_wconf 83' lang='lat' dir='ltr'><strong>essent,</strong></span> <span class='ocrx_word' id='word_1_83' title='bbox 400 1184 442 1228; x_wconf 89' lang='lat' dir='ltr'><strong>ne</strong></span> <span class='ocrx_word' id='word_1_84' title='bbox 456 1164 527 1249; x_wconf 90' lang='lat' dir='ltr'><strong>quis</strong></span> <span class='ocrx_word' id='word_1_85' title='bbox 541 1164 625 1228; x_wconf 90' lang='lat' dir='ltr'><strong>ultra</strong></span> <span class='ocrx_word' id='word_1_86' title='bbox 640 1163 725 1227; x_wconf 91' lang='lat' dir='ltr'><strong>mille</strong></span> <span class='ocrx_word' id='word_1_87' title='bbox 747 1186 895 1248; x_wconf 83' lang='lat' dir='ltr'><strong>passuum</strong></span> <span class='ocrx_word' id='word_1_88' title='bbox 920 1164 961 1227; x_wconf 90' lang='lat' dir='ltr'><strong>ab</strong></span> <span class='ocrx_word' id='word_1_89' title='bbox 985 1163 1089 1228; x_wconf 84' lang='lat' dir='ltr'><strong>Roma</strong></span> <span class='ocrx_word' id='word_1_90' title='bbox 1110 1164 1199 1229; x_wconf 90' lang='lat' dir='ltr'><strong>abes-</strong></span> 
     </span>
    </p>

    <p class='ocr_par' dir='ltr' id='par_1_6' title="bbox 128 1249 1321 1422">
     <span class='ocr_line' id='line_1_12' title="bbox 129 1249 1321 1328; baseline -0.004 -15"><span class='ocrx_word' id='word_1_91' title='bbox 129 1249 200 1315; x_wconf 87' lang='lat' dir='ltr'><strong>set¹.</strong></span> <span class='ocrx_word' id='word_1_92' title='bbox 249 1249 309 1328; x_wconf 88' lang='lat' dir='ltr'><strong>Ea,</strong></span> <span class='ocrx_word' id='word_1_93' title='bbox 326 1250 373 1316; x_wconf 91' lang='lat' dir='ltr'><strong>uti</strong></span> <span class='ocrx_word' id='word_1_94' title='bbox 395 1264 519 1316; x_wconf 89' lang='lat' dir='ltr'><strong>senatus</strong></span> <span class='ocrx_word' id='word_1_95' title='bbox 541 1251 672 1328; x_wconf 91' lang='lat' dir='ltr'><strong>censuit,</strong></span> <span class='ocrx_word' id='word_1_96' title='bbox 691 1265 764 1315; x_wconf 91' lang='lat' dir='ltr'><strong>snut</strong></span> <span class='ocrx_word' id='word_1_97' title='bbox 785 1251 875 1315; x_wconf 87' lang='lat' dir='ltr'><strong>facta.</strong></span> <span class='ocrx_word' id='word_1_98' title='bbox 922 1250 1061 1315; x_wconf 89' lang='lat' dir='ltr'><strong>Comitia</strong></span> <span class='ocrx_word' id='word_1_99' title='bbox 1083 1260 1321 1314; x_wconf 76' lang='lat' dir='ltr'><strong>consu-Comitia</strong></span> 
     </span>
     <span class='ocr_line' id='line_1_13' title="bbox 128 1334 1198 1422; baseline 0.004 -24"><span class='ocrx_word' id='word_1_100' title='bbox 128 1334 208 1400; x_wconf 88' lang='lat' dir='ltr'><strong>laria</strong></span> <span class='ocrx_word' id='word_1_101' title='bbox 239 1335 348 1401; x_wconf 60' lang='lat' dir='ltr'><strong>“autc</strong></span> <span class='ocrx_word' id='word_1_102' title='bbox 377 1336 459 1400; x_wconf 89' lang='lat' dir='ltr'><strong>diem</strong></span> <span class='ocrx_word' id='word_1_103' title='bbox 490 1337 637 1422; x_wconf 90' lang='lat' dir='ltr'><strong>quintum</strong></span> <span class='ocrx_word' id='word_1_104' title='bbox 669 1335 830 1401; x_wconf 84' lang='lat' dir='ltr'><strong>Kalendas</strong></span> <span class='ocrx_word' id='word_1_105' title='bbox 868 1336 1067 1421; x_wconf 83' lang='lat' dir='ltr'><strong>Septembres</strong></span> <span class='ocrx_word' id='word_1_106' title='bbox 1099 1336 1198 1402; x_wconf 81' lang='lat' dir='ltr'><strong>fuere.</strong></span> 
     </span>
    </p>

    <p class='ocr_par' dir='ltr' id='par_1_7' title="bbox 129 1421 1200 1768">
     <span class='ocr_line' id='line_1_14' title="bbox 130 1421 1198 1508; baseline 0.003 -22"><span class='ocrx_word' id='word_1_107' title='bbox 130 1421 242 1487; x_wconf 89' lang='lat' dir='ltr'><strong>Creati</strong></span> <span class='ocrx_word' id='word_1_108' title='bbox 264 1422 410 1487; x_wconf 90' lang='lat' dir='ltr'><strong>consules</strong></span> <span class='ocrx_word' id='word_1_109' title='bbox 432 1437 506 1487; x_wconf 91' lang='lat' dir='ltr'><strong>suut</strong></span> <span class='ocrx_word' id='word_1_110' title='bbox 527 1424 566 1493; x_wconf 86' lang='lat' dir='ltr'><strong>Q.</strong></span> <span class='ocrx_word' id='word_1_111' title='bbox 591 1423 734 1488; x_wconf 87' lang='lat' dir='ltr'><strong>Marcius</strong></span> <span class='ocrx_word' id='word_1_112' title='bbox 758 1423 927 1508; x_wconf 91' lang='lat' dir='ltr'><strong>Philippus</strong></span> <span class='ocrx_word' id='word_1_113' title='bbox 949 1426 1062 1488; x_wconf 90' lang='lat' dir='ltr'><strong>iterum</strong></span> <span class='ocrx_word' id='word_1_114' title='bbox 1086 1437 1118 1488; x_wconf 92' lang='lat' dir='ltr'><strong>et</strong></span> <span class='ocrx_word' id='word_1_115' title='bbox 1137 1424 1198 1490; x_wconf 90' lang='lat' dir='ltr'><strong>Cn.</strong></span> 
     </span>
     <span class='ocr_line' id='line_1_15' title="bbox 130 1506 1197 1595; baseline 0.002 -21"><span class='ocrx_word' id='word_1_116' title='bbox 130 1506 289 1574; x_wconf 87' lang='lat' dir='ltr'><strong>Servilius</strong></span> <span class='ocrx_word' id='word_1_117' title='bbox 305 1510 362 1574; x_wconf 85' lang='lat' dir='ltr'><strong>Cae</strong></span> <span class='ocrx_word' id='word_1_118' title='bbox 386 1509 427 1573; x_wconf 92' lang='lat' dir='ltr'><strong>io.</strong></span> <span class='ocrx_word' id='word_1_119' title='bbox 449 1521 522 1595; x_wconf 93' lang='lat' dir='ltr'><strong>post</strong></span> <span class='ocrx_word' id='word_1_120' title='bbox 543 1510 627 1574; x_wconf 89' lang='lat' dir='ltr'><strong>diem</strong></span> <span class='ocrx_word' id='word_1_121' title='bbox 650 1512 777 1575; x_wconf 88' lang='lat' dir='ltr'><strong>tertium</strong></span> <span class='ocrx_word' id='word_1_122' title='bbox 801 1524 954 1594; x_wconf 88' lang='lat' dir='ltr'><strong>praetores</strong></span> <span class='ocrx_word' id='word_1_123' title='bbox 977 1525 1052 1574; x_wconf 92' lang='lat' dir='ltr'><strong>sunt</strong></span> <span class='ocrx_word' id='word_1_124' title='bbox 1067 1508 1142 1574; x_wconf 90' lang='lat' dir='ltr'><strong>facti</strong></span> <span class='ocrx_word' id='word_1_125' title='bbox 1158 1510 1197 1576; x_wconf 90' lang='lat' dir='ltr'><strong>C.</strong></span> 
     </span>
     <span class='ocr_line' id='line_1_16' title="bbox 129 1595 1199 1682; baseline 0.001 -22"><span class='ocrx_word' id='word_1_126' title='bbox 129 1596 311 1672; x_wconf 71' lang='lat' dir='ltr'><strong>Decimiana,</strong></span> <span class='ocrx_word' id='word_1_127' title='bbox 378 1642 385 1659; x_wconf 90' lang='lat'><strong>.</strong></span> <span class='ocrx_word' id='word_1_128' title='bbox 402 1595 554 1661; x_wconf 88' lang='lat' dir='ltr'><strong>Claudius</strong></span> <span class='ocrx_word' id='word_1_129' title='bbox 576 1596 764 1677; x_wconf 89' lang='lat' dir='ltr'><strong>Marcellus,</strong></span> <span class='ocrx_word' id='word_1_130' title='bbox 787 1596 825 1662; x_wconf 86' lang='lat' dir='ltr'><strong>G.</strong></span> <span class='ocrx_word' id='word_1_131' title='bbox 842 1596 1003 1682; x_wconf 88' lang='lat' dir='ltr'><strong>Sulpicius</strong></span> <span class='ocrx_word' id='word_1_132' title='bbox 1019 1597 1142 1674; x_wconf 87' lang='lat' dir='ltr'><strong>Gallus,</strong></span> <span class='ocrx_word' id='word_1_133' title='bbox 1160 1596 1199 1661; x_wconf 90' lang='lat' dir='ltr'><strong>C.</strong></span> 
     </span>
     <span class='ocr_line' id='line_1_17' title="bbox 130 1681 1200 1768; baseline 0.002 -22"><span class='ocrx_word' id='word_1_134' title='bbox 130 1681 279 1746; x_wconf 85' lang='lat' dir='ltr'><strong>Marcius</strong></span> <span class='ocrx_word' id='word_1_135' title='bbox 295 1681 437 1768; x_wconf 83' lang='lat' dir='ltr'><strong>Figulus,</strong></span> <span class='ocrx_word' id='word_1_136' title='bbox 455 1683 524 1748; x_wconf 87' lang='lat' dir='ltr'><strong>Ser.</strong></span> <span class='ocrx_word' id='word_1_137' title='bbox 541 1683 710 1747; x_wconf 88' lang='lat' dir='ltr'><strong>Cornelius</strong></span> <span class='ocrx_word' id='word_1_138' title='bbox 729 1682 894 1760; x_wconf 88' lang='lat' dir='ltr'><strong>Lentulus,</strong></span> <span class='ocrx_word' id='word_1_139' title='bbox 911 1682 950 1749; x_wconf 94' lang='lat' dir='ltr'><strong>P.</strong></span> <span class='ocrx_word' id='word_1_140' title='bbox 968 1683 1120 1748; x_wconf 85' lang='lat' dir='ltr'><strong>Fonteius</strong></span> <span class='ocrx_word' id='word_1_141' title='bbox 1137 1683 1200 1748; x_wconf 88' lang='lat' dir='ltr'><strong>Ca·</strong></span> 
     </span>
    </p>
   </div>
   <div class='ocr_carea' id='block_1_3' title="bbox 32 1769 1202 1856">
    <p class='ocr_par' dir='ltr' id='par_1_8' title="bbox 32 1769 1202 1856">
     <span class='ocr_line' id='line_1_18' title="bbox 32 1769 1202 1856; baseline 0.002 -24"><span class='ocrx_word' id='word_1_142' title='bbox 32 1769 33 1788; x_wconf 65' lang='lat'>¹</span> <span class='ocrx_word' id='word_1_143' title='bbox 130 1769 206 1852; x_wconf 89' lang='lat' dir='ltr'><strong>pito.</strong></span> <span class='ocrx_word' id='word_1_144' title='bbox 258 1769 442 1855; x_wconf 84' lang='lat' dir='ltr'><strong>Designatis</strong></span> <span class='ocrx_word' id='word_1_145' title='bbox 463 1771 654 1854; x_wconf 69' lang='lat' dir='ltr'><strong>praetoribus</strong></span> <span class='ocrx_word' id='word_1_146' title='bbox 676 1782 794 1854; x_wconf 76' lang='lat' dir='ltr'><strong>praeter</strong></span> <span class='ocrx_word' id='word_1_147' title='bbox 807 1769 886 1834; x_wconf 84' lang='lat' dir='ltr'><strong>duas</strong></span> <span class='ocrx_word' id='word_1_148' title='bbox 900 1769 1048 1848; x_wconf 88' lang='lat' dir='ltr'><strong>urbanas,</strong></span> <span class='ocrx_word' id='word_1_149' title='bbox 1065 1783 1202 1856; x_wconf 89' lang='lat' dir='ltr'><strong>quatuor</strong></span> 
     </span>
    </p>
   </div>
   <div class='ocr_carea' id='block_1_4' title="bbox 129 1851 1363 3050">
    <p class='ocr_par' dir='ltr' id='par_1_9' title="bbox 129 1851 1200 1940">
     <span class='ocr_line' id='line_1_19' title="bbox 129 1851 1200 1940; baseline 0.003 -22"><span class='ocrx_word' id='word_1_150' title='bbox 129 1855 308 1938; x_wconf 78' lang='lat' dir='ltr'><strong>provinciae</strong></span> <span class='ocrx_word' id='word_1_151' title='bbox 330 1869 403 1920; x_wconf 89' lang='lat' dir='ltr'><strong>sunt</strong></span> <span class='ocrx_word' id='word_1_152' title='bbox 423 1855 577 1931; x_wconf 79' lang='lat' dir='ltr'><strong>decretae3</strong></span> <span class='ocrx_word' id='word_1_153' title='bbox 596 1855 772 1940; x_wconf 88' lang='lat' dir='ltr'><strong>Hispania,</strong></span> <span class='ocrx_word' id='word_1_154' title='bbox 793 1867 825 1919; x_wconf 91' lang='lat' dir='ltr'><strong>et</strong></span> <span class='ocrx_word' id='word_1_155' title='bbox 845 1851 1003 1934; x_wconf 87' lang='lat' dir='ltr'><strong>Sardinia,</strong></span> <span class='ocrx_word' id='word_1_156' title='bbox 1026 1873 1059 1922; x_wconf 92' lang='lat' dir='ltr'><strong>et</strong></span> <span class='ocrx_word' id='word_1_157' title='bbox 1081 1856 1200 1935; x_wconf 90' lang='lat' dir='ltr'><strong>Sicilia,</strong></span> 
     </span>
    </p>

    <p class='ocr_par' dir='ltr' id='par_1_10' title="bbox 130 1942 1363 2290">
     <span class='ocr_line' id='line_1_20' title="bbox 130 1942 1342 2029; baseline -0.002 -24"><span class='ocrx_word' id='word_1_158' title='bbox 130 1954 161 2006; x_wconf 86' lang='lat' dir='ltr'><strong>et</strong></span> <span class='ocrx_word' id='word_1_159' title='bbox 181 1942 303 2008; x_wconf 82' lang='lat' dir='ltr'><strong>classis.</strong></span> <span class='ocrx_word' id='word_1_160' title='bbox 349 1942 463 2029; x_wconf 86' lang='lat' dir='ltr'><strong>Legati</strong></span> <span class='ocrx_word' id='word_1_161' title='bbox 483 1965 524 2008; x_wconf 85' lang='lat' dir='ltr'><strong>ex</strong></span> <span class='ocrx_word' id='word_1_162' title='bbox 545 1942 747 2020; x_wconf 85' lang='lat' dir='ltr'><strong>Macedonia,</strong></span> <span class='ocrx_word' id='word_1_163' title='bbox 763 1955 877 2007; x_wconf 87' lang='lat' dir='ltr'><strong>exacto</strong></span> <span class='ocrx_word' id='word_1_164' title='bbox 898 1942 1070 2008; x_wconf 89' lang='lat' dir='ltr'><strong>admodum</strong></span> <span class='ocrx_word' id='word_1_165' title='bbox 1093 1959 1342 2008; x_wconf 74' lang='lat' dir='ltr'><strong>meusesutusre-</strong></span> 
     </span>
     <span class='ocr_line' id='line_1_21' title="bbox 132 2023 1363 2117; baseline 0.001 -24"><span class='ocrx_word' id='word_1_166' title='bbox 132 2029 322 2106; x_wconf 86' lang='lat' dir='ltr'><strong>Februario,</strong></span> <span class='ocrx_word' id='word_1_167' title='bbox 338 2029 512 2095; x_wconf 87' lang='lat' dir='ltr'><strong>redierunt.</strong></span> <span class='ocrx_word' id='word_1_168' title='bbox 559 2029 618 2107; x_wconf 93' lang='lat' dir='ltr'><strong>Hi,</strong></span> <span class='ocrx_word' id='word_1_169' title='bbox 634 2051 711 2115; x_wconf 86' lang='lat' dir='ltr'><strong>quas</strong></span> <span class='ocrx_word' id='word_1_170' title='bbox 727 2051 775 2093; x_wconf 91' lang='lat' dir='ltr'><strong>res</strong></span> <span class='ocrx_word' id='word_1_171' title='bbox 795 2051 832 2094; x_wconf 90' lang='lat' dir='ltr'><strong>ea</strong></span> <span class='ocrx_word' id='word_1_172' title='bbox 845 2041 954 2094; x_wconf 73' lang='lat' dir='ltr'><strong>aestate</strong></span> <span class='ocrx_word' id='word_1_173' title='bbox 968 2051 1119 2114; x_wconf 86' lang='lat' dir='ltr'><strong>prospera</strong></span> <span class='ocrx_word' id='word_1_174' title='bbox 1133 2053 1202 2117; x_wconf 86' lang='lat' dir='ltr'><strong>ges·</strong></span> <span class='ocrx_word' id='word_1_175' title='bbox 1209 2023 1363 2100; x_wconf 69' lang='lat' dir='ltr'><strong>rummare-</strong></span> 
     </span>
     <span class='ocr_line' id='line_1_22' title="bbox 131 2089 1318 2208; baseline 0.003 -29"><span class='ocrx_word' id='word_1_176' title='bbox 131 2116 217 2182; x_wconf 88' lang='lat' dir='ltr'><strong>sisset</strong></span> <span class='ocrx_word' id='word_1_177' title='bbox 244 2137 303 2180; x_wconf 88' lang='lat' dir='ltr'><strong>rex</strong></span> <span class='ocrx_word' id='word_1_178' title='bbox 321 2116 464 2208; x_wconf 77' lang='lat' dir='ltr'><strong>Perseus,</strong></span> <span class='ocrx_word' id='word_1_179' title='bbox 481 2114 667 2194; x_wconf 83' lang='lat' dir='ltr'><strong>referebant,</strong></span> <span class='ocrx_word' id='word_1_180' title='bbox 684 2128 883 2203; x_wconf 87' lang='lat' dir='ltr'><strong>quantusque</strong></span> <span class='ocrx_word' id='word_1_181' title='bbox 903 2117 1000 2182; x_wconf 87' lang='lat' dir='ltr'><strong>timor</strong></span> <span class='ocrx_word' id='word_1_182' title='bbox 1022 2117 1124 2182; x_wconf 89' lang='lat' dir='ltr'><strong>socios</strong></span> <span class='ocrx_word' id='word_1_183' title='bbox 1144 2089 1318 2204; x_wconf 68' lang='lat' dir='ltr'><strong>po-⁰⁶d⁰⁰¹⁸&#39;</strong></span> 
     </span>
     <span class='ocr_line' id='line_1_23' title="bbox 131 2203 1204 2290; baseline 0 -22"><span class='ocrx_word' id='word_1_184' title='bbox 131 2203 197 2287; x_wconf 89' lang='lat' dir='ltr'><strong>puli</strong></span> <span class='ocrx_word' id='word_1_185' title='bbox 214 2203 360 2268; x_wconf 88' lang='lat' dir='ltr'><strong>Romani</strong></span> <span class='ocrx_word' id='word_1_186' title='bbox 381 2203 523 2289; x_wconf 86' lang='lat' dir='ltr'><strong>cepisset,</strong></span> <span class='ocrx_word' id='word_1_187' title='bbox 539 2214 587 2267; x_wconf 90' lang='lat' dir='ltr'><strong>tot</strong></span> <span class='ocrx_word' id='word_1_188' title='bbox 609 2203 740 2267; x_wconf 91' lang='lat' dir='ltr'><strong>urbibus</strong></span> <span class='ocrx_word' id='word_1_189' title='bbox 762 2204 794 2266; x_wconf 93' lang='lat' dir='ltr'><strong>iu</strong></span> <span class='ocrx_word' id='word_1_190' title='bbox 816 2215 1004 2288; x_wconf 86' lang='lat' dir='ltr'><strong>patestatem</strong></span> <span class='ocrx_word' id='word_1_191' title='bbox 1026 2203 1109 2290; x_wconf 86' lang='lat' dir='ltr'><strong>regis</strong></span> <span class='ocrx_word' id='word_1_192' title='bbox 1130 2203 1204 2268; x_wconf 93' lang='lat' dir='ltr'><strong>red·</strong></span> 
     </span>
    </p>

    <p class='ocr_par' dir='ltr' id='par_1_11' title="bbox 131 2290 1205 2376">
     <span class='ocr_line' id='line_1_24' title="bbox 131 2290 1205 2376; baseline 0.001 -23"><span class='ocrx_word' id='word_1_193' title='bbox 131 2291 217 2356; x_wconf 89' lang='lat' dir='ltr'><strong>actis.</strong></span> <span class='ocrx_word' id='word_1_194' title='bbox 266 2292 446 2358; x_wconf 67' lang='lat' dir='ltr'><strong>Exercitum</strong></span> <span class='ocrx_word' id='word_1_195' title='bbox 469 2291 600 2354; x_wconf 84' lang='lat' dir='ltr'><strong>consulis</strong></span> <span class='ocrx_word' id='word_1_196' title='bbox 628 2290 848 2376; x_wconf 66' lang='lat' dir='ltr'><strong>irp‘requentem</strong></span> <span class='ocrx_word' id='word_1_197' title='bbox 876 2290 1087 2354; x_wconf 82' lang='lat' dir='ltr'><strong>commeatibus</strong></span> <span class='ocrx_word' id='word_1_198' title='bbox 1115 2292 1205 2376; x_wconf 82' lang='lat' dir='ltr'><strong>mdga</strong></span> 
     </span>
    </p>

    <p class='ocr_par' dir='ltr' id='par_1_12' title="bbox 132 2375 1203 2460">
     <span class='ocr_line' id='line_1_25' title="bbox 132 2375 1203 2460; baseline 0 -20"><span class='ocrx_word' id='word_1_199' title='bbox 132 2379 213 2443; x_wconf 83' lang='lat' dir='ltr'><strong>datis</strong></span> <span class='ocrx_word' id='word_1_200' title='bbox 226 2375 320 2460; x_wconf 74' lang='lat' dir='ltr'><strong>⁴8per</strong></span> <span class='ocrx_word' id='word_1_201' title='bbox 333 2378 527 2442; x_wconf 81' lang='lat' dir='ltr'><strong>ambitionem</strong></span> <span class='ocrx_word' id='word_1_202' title='bbox 541 2398 618 2441; x_wconf 81' lang='lat' dir='ltr'><strong>esse:</strong></span> <span class='ocrx_word' id='word_1_203' title='bbox 641 2379 760 2459; x_wconf 84' lang='lat' dir='ltr'><strong>culpam</strong></span> <span class='ocrx_word' id='word_1_204' title='bbox 782 2375 845 2460; x_wconf 77' lang='lat' dir='ltr'><strong>ejus</strong></span> <span class='ocrx_word' id='word_1_205' title='bbox 865 2378 914 2440; x_wconf 83' lang='lat' dir='ltr'><strong>rei</strong></span> <span class='ocrx_word' id='word_1_206' title='bbox 934 2378 1082 2442; x_wconf 74' lang='lat' dir='ltr'><strong>casualem</strong></span> <span class='ocrx_word' id='word_1_207' title='bbox 1097 2377 1130 2439; x_wconf 91' lang='lat' dir='ltr'><strong>in</strong></span> <span class='ocrx_word' id='word_1_208' title='bbox 1144 2378 1203 2440; x_wconf 88' lang='lat' dir='ltr'><strong>tri·</strong></span> 
     </span>
    </p>

    <p class='ocr_par' dir='ltr' id='par_1_13' title="bbox 133 2462 1201 2634">
     <span class='ocr_line' id='line_1_26' title="bbox 133 2462 1201 2552; baseline -0.003 -25"><span class='ocrx_word' id='word_1_209' title='bbox 133 2463 222 2529; x_wconf 88' lang='lat' dir='ltr'><strong>bunos</strong></span> <span class='ocrx_word' id='word_1_210' title='bbox 242 2465 382 2552; x_wconf 75' lang='lat' dir='ltr'><strong>militum,</strong></span> <span class='ocrx_word' id='word_1_211' title='bbox 394 2473 503 2529; x_wconf 85' lang='lat' dir='ltr'><strong>contra</strong></span> <span class='ocrx_word' id='word_1_212' title='bbox 517 2465 587 2527; x_wconf 84' lang='lat' dir='ltr'><strong>illos</strong></span> <span class='ocrx_word' id='word_1_213' title='bbox 601 2465 635 2527; x_wconf 88' lang='lat' dir='ltr'><strong>in</strong></span> <span class='ocrx_word' id='word_1_214' title='bbox 646 2464 794 2528; x_wconf 75' lang='lat' dir='ltr'><strong>sonariam</strong></span> <span class='ocrx_word' id='word_1_215' title='bbox 805 2463 952 2548; x_wconf 67' lang='lat' dir='ltr'><strong>carfferre.</strong></span> <span class='ocrx_word' id='word_1_216' title='bbox 982 2462 1201 2546; x_wconf 82' lang='lat' dir='ltr'><strong>Ignominiam,</strong></span> 
     </span>
     <span class='ocr_line' id='line_1_27' title="bbox 135 2548 1201 2634; baseline -0.005 -18"><span class='ocrx_word' id='word_1_217' title='bbox 135 2552 267 2616; x_wconf 83' lang='lat' dir='ltr'><strong>Claudii</strong></span> <span class='ocrx_word' id='word_1_218' title='bbox 280 2553 452 2616; x_wconf 68' lang='lat' dir='ltr'><strong>teneritate</strong></span> <span class='ocrx_word' id='word_1_219' title='bbox 465 2560 629 2634; x_wconf 81' lang='lat' dir='ltr'><strong>acceptum,</strong></span> <span class='ocrx_word' id='word_1_220' title='bbox 644 2548 794 2614; x_wconf 53' lang='lat' dir='ltr'><strong>telesam</strong></span> <span class='ocrx_word' id='word_1_221' title='bbox 815 2570 865 2612; x_wconf 87' lang='lat' dir='ltr'><strong>sos</strong></span> <span class='ocrx_word' id='word_1_222' title='bbox 880 2551 995 2613; x_wconf 83' lang='lat' dir='ltr'><strong>Patres</strong></span> <span class='ocrx_word' id='word_1_223' title='bbox 1010 2558 1201 2631; x_wconf 67' lang='lat' dir='ltr'><strong>acceptarunt,</strong></span> 
     </span>
    </p>

    <p class='ocr_par' dir='ltr' id='par_1_14' title="bbox 134 2637 1203 2722">
     <span class='ocr_line' id='line_1_28' title="bbox 134 2637 1203 2722; baseline 0.001 -22"><span class='ocrx_word' id='word_1_224' title='bbox 134 2641 185 2720; x_wconf 85' lang='lat' dir='ltr'><strong>qui</strong></span> <span class='ocrx_word' id='word_1_225' title='bbox 193 2658 372 2721; x_wconf 75' lang='lat' dir='ltr'><strong>perpaucos</strong></span> <span class='ocrx_word' id='word_1_226' title='bbox 387 2639 495 2718; x_wconf 79' lang='lat' dir='ltr'><strong>Italici</strong></span> <span class='ocrx_word' id='word_1_227' title='bbox 512 2639 646 2722; x_wconf 85' lang='lat' dir='ltr'><strong>generis,</strong></span> <span class='ocrx_word' id='word_1_228' title='bbox 662 2647 691 2701; x_wconf 83' lang='lat' dir='ltr'><strong>et</strong></span> <span class='ocrx_word' id='word_1_229' title='bbox 705 2657 870 2722; x_wconf 73' lang='lat' dir='ltr'><strong>magnaeus</strong></span> <span class='ocrx_word' id='word_1_230' title='bbox 889 2645 982 2720; x_wconf 87' lang='lat' dir='ltr'><strong>parte</strong></span> <span class='ocrx_word' id='word_1_231' title='bbox 1003 2637 1203 2701; x_wconf 84' lang='lat' dir='ltr'><strong>tumultuario</strong></span> 
     </span>
    </p>

    <p class='ocr_par' dir='ltr' id='par_1_15' title="bbox 135 2721 1205 2983">
     <span class='ocr_line' id='line_1_29' title="bbox 135 2721 1203 2808; baseline 0.001 -21"><span class='ocrx_word' id='word_1_232' title='bbox 135 2725 253 2789; x_wconf 80' lang='lat' dir='ltr'><strong>delectu</strong></span> <span class='ocrx_word' id='word_1_233' title='bbox 274 2726 459 2807; x_wconf 79' lang='lat' dir='ltr'><strong>comariptos</strong></span> <span class='ocrx_word' id='word_1_234' title='bbox 477 2723 522 2788; x_wconf 87' lang='lat' dir='ltr'><strong>ibi</strong></span> <span class='ocrx_word' id='word_1_235' title='bbox 542 2725 656 2788; x_wconf 85' lang='lat' dir='ltr'><strong>milites</strong></span> <span class='ocrx_word' id='word_1_236' title='bbox 673 2725 797 2788; x_wconf 87' lang='lat' dir='ltr'><strong>amissos</strong></span> <span class='ocrx_word' id='word_1_237' title='bbox 818 2722 1002 2808; x_wconf 67' lang='lat' dir='ltr'><strong>refferebant.</strong></span> <span class='ocrx_word' id='word_1_238' title='bbox 1048 2721 1203 2788; x_wconf 88' lang='lat' dir='ltr'><strong>Consules</strong></span> 
     </span>
     <span class='ocr_line' id='line_1_30' title="bbox 135 2806 1205 2898; baseline 0.004 -26"><span class='ocrx_word' id='word_1_239' title='bbox 135 2809 304 2898; x_wconf 86' lang='lat' dir='ltr'><strong>designati,</strong></span> <span class='ocrx_word' id='word_1_240' title='bbox 321 2810 376 2874; x_wconf 92' lang='lat' dir='ltr'><strong>ubi</strong></span> <span class='ocrx_word' id='word_1_241' title='bbox 398 2811 537 2896; x_wconf 88' lang='lat' dir='ltr'><strong>priinum</strong></span> <span class='ocrx_word' id='word_1_242' title='bbox 560 2810 779 2898; x_wconf 83' lang='lat' dir='ltr'><strong>magistratum</strong></span> <span class='ocrx_word' id='word_1_243' title='bbox 800 2809 939 2886; x_wconf 89' lang='lat' dir='ltr'><strong>inissent,</strong></span> <span class='ocrx_word' id='word_1_244' title='bbox 956 2807 996 2872; x_wconf 90' lang='lat' dir='ltr'><strong>de</strong></span> <span class='ocrx_word' id='word_1_245' title='bbox 1012 2806 1205 2876; x_wconf 86' lang='lat' dir='ltr'><strong>Macedonia</strong></span> 
     </span>
     <span class='ocr_line' id='line_1_31' title="bbox 135 2894 1205 2983; baseline 0.003 -23"><span class='ocrx_word' id='word_1_246' title='bbox 135 2895 255 2961; x_wconf 83' lang='lat' dir='ltr'><strong>referre</strong></span> <span class='ocrx_word' id='word_1_247' title='bbox 281 2896 322 2961; x_wconf 90' lang='lat' dir='ltr'><strong>ad</strong></span> <span class='ocrx_word' id='word_1_248' title='bbox 347 2905 491 2976; x_wconf 82' lang='lat' dir='ltr'><strong>senatum</strong></span> <span class='ocrx_word' id='word_1_249' title='bbox 508 2897 606 2983; x_wconf 84' lang='lat' dir='ltr'><strong>jussi:</strong></span> <span class='ocrx_word' id='word_1_250' title='bbox 629 2896 857 2983; x_wconf 86' lang='lat' dir='ltr'><strong>destinataeque</strong></span> <span class='ocrx_word' id='word_1_251' title='bbox 877 2894 1050 2980; x_wconf 72' lang='lat' dir='ltr'><strong>provinciae</strong></span> <span class='ocrx_word' id='word_1_252' title='bbox 1070 2896 1109 2960; x_wconf 90' lang='lat' dir='ltr'><strong>iis</strong></span> <span class='ocrx_word' id='word_1_253' title='bbox 1130 2910 1205 2963; x_wconf 91' lang='lat' dir='ltr'><strong>suut</strong></span> 
     </span>
    </p>

    <p class='ocr_par' dir='ltr' id='par_1_16' title="bbox 138 2982 1205 3050">
     <span class='ocr_line' id='line_1_32' title="bbox 138 2982 1205 3050; baseline 0.002 -2"><span class='ocrx_word' id='word_1_254' title='bbox 138 2982 235 3049; x_wconf 84' lang='lat' dir='ltr'><strong>Italia</strong></span> <span class='ocrx_word' id='word_1_255' title='bbox 248 2994 280 3047; x_wconf 91' lang='lat' dir='ltr'><strong>et</strong></span> <span class='ocrx_word' id='word_1_256' title='bbox 296 2982 501 3048; x_wconf 88' lang='lat' dir='ltr'><strong>Macedonia.</strong></span> <span class='ocrx_word' id='word_1_257' title='bbox 531 2984 624 3050; x_wconf 90' lang='lat' dir='ltr'><strong>-Hoc</strong></span> <span class='ocrx_word' id='word_1_258' title='bbox 644 3006 729 3049; x_wconf 89' lang='lat' dir='ltr'><strong>anuo</strong></span> <span class='ocrx_word' id='word_1_259' title='bbox 750 2983 972 3048; x_wconf 88' lang='lat' dir='ltr'><strong>intercalatum</strong></span> <span class='ocrx_word' id='word_1_260' title='bbox 989 2996 1052 3048; x_wconf 85' lang='lat' dir='ltr'><strong>est:</strong></span> <span class='ocrx_word' id='word_1_261' title='bbox 1074 2982 1205 3050; x_wconf 73' lang='lat' dir='ltr'><strong>⁶⁰tertio</strong></span> 
     </span>
    </p>
   </div>
   <div class='ocr_carea' id='block_1_5' title="bbox 400 3115 943 3174">
    <p class='ocr_par' dir='ltr' id='par_1_17' title="bbox 400 3115 943 3174">
     <span class='ocr_line' id='line_1_33' title="bbox 400 3115 943 3174; baseline 0.002 -2"><span class='ocrx_word' id='word_1_262' title='bbox 400 3123 414 3162; x_wconf 78' lang='lat'><strong>¹²</strong></span> <span class='ocrx_word' id='word_1_263' title='bbox 424 3126 494 3173; x_wconf 80' lang='lat' dir='ltr'><strong>Retia</strong></span> <span class='ocrx_word' id='word_1_264' title='bbox 503 3127 579 3173; x_wconf 83' lang='lat' dir='ltr'><strong>Gran.</strong></span> <span class='ocrx_word' id='word_1_265' title='bbox 590 3128 661 3174; x_wconf 84' lang='lat' dir='ltr'><strong>crev·</strong></span> <span class='ocrx_word' id='word_1_266' title='bbox 735 3115 745 3156; x_wconf 74' lang='lat'><strong>¹</strong></span> <span class='ocrx_word' id='word_1_267' title='bbox 755 3126 857 3173; x_wconf 72' lang='lat' dir='ltr'><strong>amussi</strong></span> <span class='ocrx_word' id='word_1_268' title='bbox 867 3125 943 3173; x_wconf 87' lang='lat' dir='ltr'><strong>Gron.</strong></span> 
     </span>
    </p>
   </div>
   <div class='ocr_carea' id='block_1_6' title="bbox 139 3239 1278 4477">
    <p class='ocr_par' dir='ltr' id='par_1_18' title="bbox 139 3239 1210 3553">
     <span class='ocr_line' id='line_1_34' title="bbox 170 3239 1205 3300; baseline -0.004 -10"><span class='ocrx_word' id='word_1_269' title='bbox 170 3241 203 3290; x_wconf 78' lang='lat'><strong>45</strong></span> <span class='ocrx_word' id='word_1_270' title='bbox 225 3241 260 3288; x_wconf 83' lang='lat' dir='ltr'><strong>Ut</strong></span> <span class='ocrx_word' id='word_1_271' title='bbox 273 3241 306 3289; x_wconf 84' lang='lat' dir='ltr'><strong>A.</strong></span> <span class='ocrx_word' id='word_1_272' title='bbox 317 3241 474 3290; x_wconf 78' lang='lat' dir='ltr'><strong>Hostilius..</strong></span> <span class='ocrx_word' id='word_1_273' title='bbox 488 3244 615 3290; x_wconf 61' lang='lat' dir='ltr'><strong>manum.</strong></span> <span class='ocrx_word' id='word_1_274' title='bbox 628 3272 655 3290; x_wconf 85' lang='grc'><strong>..</strong></span> <span class='ocrx_word' id='word_1_275' title='bbox 687 3242 724 3288; x_wconf 85' lang='lat' dir='ltr'><strong>uti</strong></span> <span class='ocrx_word' id='word_1_276' title='bbox 743 3241 945 3288; x_wconf 81' lang='lat' dir='ltr'><strong>armssJanuario</strong></span> <span class='ocrx_word' id='word_1_277' title='bbox 963 3239 1041 3288; x_wconf 79' lang='lat' dir='ltr'><strong>baberi</strong></span> <span class='ocrx_word' id='word_1_278' title='bbox 1053 3244 1162 3300; x_wconf 76' lang='lat' dir='ltr'><strong>possenti</strong></span> <span class='ocrx_word' id='word_1_279' title='bbox 1179 3246 1205 3288; x_wconf 83' lang='lat' dir='ltr'><strong>st</strong></span> 
     </span>
     <span class='ocr_line' id='line_1_35' title="bbox 139 3306 1210 3367; baseline 0 -15"><span class='ocrx_word' id='word_1_280' title='bbox 139 3308 174 3354; x_wconf 82' lang='lat' dir='ltr'><strong>ita</strong></span> <span class='ocrx_word' id='word_1_281' title='bbox 189 3308 298 3367; x_wconf 71' lang='lat' dir='ltr'><strong>saturer,</strong></span> <span class='ocrx_word' id='word_1_282' title='bbox 314 3309 352 3355; x_wconf 84' lang='lat' dir='ltr'><strong>ats&#39;</strong></span> <span class='ocrx_word' id='word_1_283' title='bbox 367 3308 571 3356; x_wconf 85' lang='lat' dir='ltr'><strong>msnssJanuario</strong></span> <span class='ocrx_word' id='word_1_284' title='bbox 586 3308 655 3355; x_wconf 81' lang='lat' dir='ltr'><strong>aomi-</strong></span> <span class='ocrx_word' id='word_1_285' title='bbox 687 3306 760 3362; x_wconf 79' lang='lat' dir='ltr'><strong>mira,</strong></span> <span class='ocrx_word' id='word_1_286' title='bbox 771 3314 826 3366; x_wconf 90' lang='lat' dir='ltr'><strong>post</strong></span> <span class='ocrx_word' id='word_1_287' title='bbox 837 3308 967 3353; x_wconf 86' lang='lat' dir='ltr'><strong>consulum</strong></span> <span class='ocrx_word' id='word_1_288' title='bbox 975 3312 1156 3365; x_wconf 77' lang='lat' dir='ltr'><strong>praetorumque</strong></span> <span class='ocrx_word' id='word_1_289' title='bbox 1166 3319 1210 3352; x_wconf 91' lang='lat' dir='ltr'><strong>ca·</strong></span> 
     </span>
     <span class='ocr_line' id='line_1_36' title="bbox 139 3370 1205 3435; baseline -0.002 -17"><span class='ocrx_word' id='word_1_290' title='bbox 139 3373 172 3418; x_wconf 83' lang='lat' dir='ltr'><strong>tis</strong></span> <span class='ocrx_word' id='word_1_291' title='bbox 190 3371 274 3418; x_wconf 80' lang='lat' dir='ltr'><strong>habers·</strong></span> <span class='ocrx_word' id='word_1_292' title='bbox 283 3372 387 3435; x_wconf 67' lang='lat' dir='ltr'><strong>mussi]</strong></span> <span class='ocrx_word' id='word_1_293' title='bbox 405 3374 482 3420; x_wconf 83' lang='lat' dir='ltr'><strong>Vacat</strong></span> <span class='ocrx_word' id='word_1_294' title='bbox 496 3373 656 3433; x_wconf 64' lang='lat' dir='ltr'><strong>posses-mila</strong></span> <span class='ocrx_word' id='word_1_295' title='bbox 688 3371 767 3425; x_wconf 78' lang='lat' dir='ltr'><strong>mitiss,</strong></span> <span class='ocrx_word' id='word_1_296' title='bbox 778 3371 853 3432; x_wconf 77' lang='lat' dir='ltr'><strong>legati</strong></span> <span class='ocrx_word' id='word_1_297' title='bbox 867 3383 898 3417; x_wconf 86' lang='lat' dir='ltr'><strong>ex</strong></span> <span class='ocrx_word' id='word_1_298' title='bbox 909 3370 1054 3418; x_wconf 83' lang='lat' dir='ltr'><strong>Macedonis</strong></span> <span class='ocrx_word' id='word_1_299' title='bbox 1069 3373 1148 3415; x_wconf 80' lang='lat' dir='ltr'><strong>sauata</strong></span> <span class='ocrx_word' id='word_1_300' title='bbox 1163 3370 1205 3416; x_wconf 76' lang='lat' dir='ltr'><strong>aa·</strong></span> 
     </span>
     <span class='ocr_line' id='line_1_37' title="bbox 139 3433 1205 3494; baseline -0.006 -9"><span class='ocrx_word' id='word_1_301' title='bbox 139 3439 182 3487; x_wconf 87' lang='lat' dir='ltr'><strong>Iud</strong></span> <span class='ocrx_word' id='word_1_302' title='bbox 192 3439 299 3494; x_wconf 82' lang='lat' dir='ltr'><strong>consitio,</strong></span> <span class='ocrx_word' id='word_1_303' title='bbox 315 3443 343 3484; x_wconf 92' lang='lat' dir='ltr'><strong>ut</strong></span> <span class='ocrx_word' id='word_1_304' title='bbox 359 3439 470 3484; x_wconf 84' lang='lat' dir='ltr'><strong>observat</strong></span> <span class='ocrx_word' id='word_1_305' title='bbox 485 3443 550 3484; x_wconf 87' lang='lat' dir='ltr'><strong>reate</strong></span> <span class='ocrx_word' id='word_1_306' title='bbox 561 3439 655 3486; x_wconf 84' lang='lat' dir='ltr'><strong>Grono·</strong></span> <span class='ocrx_word' id='word_1_307' title='bbox 687 3435 781 3482; x_wconf 76' lang='lat' dir='ltr'><strong>marium</strong></span> <span class='ocrx_word' id='word_1_308' title='bbox 797 3449 874 3484; x_wconf 81' lang='lat' dir='ltr'><strong>mansa</strong></span> <span class='ocrx_word' id='word_1_309' title='bbox 890 3435 1019 3482; x_wconf 76' lang='lat' dir='ltr'><strong>Februario</strong></span> <span class='ocrx_word' id='word_1_310' title='bbox 1034 3433 1134 3480; x_wconf 84' lang='lat' dir='ltr'><strong>rediIsse</strong></span> <span class='ocrx_word' id='word_1_311' title='bbox 1152 3435 1205 3480; x_wconf 70' lang='lat' dir='ltr'><strong>me·</strong></span> 
     </span>
     <span class='ocr_line' id='line_1_38' title="bbox 142 3505 823 3553; baseline 0.001 -4"><span class='ocrx_word' id='word_1_312' title='bbox 142 3505 205 3553; x_wconf 86' lang='lat' dir='ltr'><strong>vius.</strong></span> <span class='ocrx_word' id='word_1_313' title='bbox 688 3507 823 3550; x_wconf 84' lang='lat' dir='ltr'><strong>morantur.</strong></span> 
     </span>
    </p>

    <p class='ocr_par' dir='ltr' id='par_1_19' title="bbox 140 3559 1208 4144">
     <span class='ocr_line' id='line_1_39' title="bbox 172 3559 1204 3628; baseline -0.007 -13"><span class='ocrx_word' id='word_1_314' title='bbox 172 3569 205 3615; x_wconf 75' lang='lat'><strong>46</strong></span> <span class='ocrx_word' id='word_1_315' title='bbox 223 3568 264 3614; x_wconf 90' lang='lat' dir='ltr'><strong>M.</strong></span> <span class='ocrx_word' id='word_1_316' title='bbox 287 3567 356 3615; x_wconf 80' lang='lat' dir='ltr'><strong>mm</strong></span> <span class='ocrx_word' id='word_1_317' title='bbox 379 3570 478 3627; x_wconf 70' lang='lat' dir='ltr'><strong>pretori</strong></span> <span class='ocrx_word' id='word_1_318' title='bbox 504 3565 653 3628; x_wconf 76' lang='lat' dir='ltr'><strong>mandatum]</strong></span> <span class='ocrx_word' id='word_1_319' title='bbox 722 3563 832 3612; x_wconf 79' lang='lat' dir='ltr'><strong>‹Iti&#39;Psr</strong></span> <span class='ocrx_word' id='word_1_320' title='bbox 850 3559 1008 3627; x_wconf 66' lang='lat' dir='ltr'><strong>ambiisnsrn]</strong></span> <span class='ocrx_word' id='word_1_321' title='bbox 1038 3565 1084 3610; x_wconf 82' lang='lat' dir='ltr'><strong>Per</strong></span> <span class='ocrx_word' id='word_1_322' title='bbox 1102 3575 1204 3624; x_wconf 87' lang='lat' dir='ltr'><strong>pravam</strong></span> 
     </span>
     <span class='ocr_line' id='line_1_40' title="bbox 143 3628 1206 3694; baseline -0.005 -15"><span class='ocrx_word' id='word_1_323' title='bbox 143 3632 209 3694; x_wconf 86' lang='lat' dir='ltr'><strong>Ergo</strong></span> <span class='ocrx_word' id='word_1_324' title='bbox 227 3632 265 3679; x_wconf 88' lang='lat' dir='ltr'><strong>M.</strong></span> <span class='ocrx_word' id='word_1_325' title='bbox 276 3631 362 3679; x_wconf 90' lang='lat' dir='ltr'><strong>Retius</strong></span> <span class='ocrx_word' id='word_1_326' title='bbox 379 3639 470 3692; x_wconf 72' lang='lat' dir='ltr'><strong>premor</strong></span> <span class='ocrx_word' id='word_1_327' title='bbox 486 3635 593 3680; x_wconf 83' lang='lat' dir='ltr'><strong>urbanus</strong></span> <span class='ocrx_word' id='word_1_328' title='bbox 610 3635 657 3678; x_wconf 91' lang='lat' dir='ltr'><strong>hoc</strong></span> <span class='ocrx_word' id='word_1_329' title='bbox 688 3631 876 3691; x_wconf 71' lang='lat' dir='ltr'><strong>indidgsntiam,</strong></span> <span class='ocrx_word' id='word_1_330' title='bbox 886 3629 1013 3690; x_wconf 77' lang='lat' dir='ltr'><strong>captandas</strong></span> <span class='ocrx_word' id='word_1_331' title='bbox 1027 3628 1135 3676; x_wconf 87' lang='lat' dir='ltr'><strong>militum</strong></span> <span class='ocrx_word' id='word_1_332' title='bbox 1150 3641 1206 3688; x_wconf 72' lang='lat' dir='ltr'><strong>gra·</strong></span> 
     </span>
     <span class='ocr_line' id='line_1_41' title="bbox 140 3697 823 3746; baseline -0.001 -1"><span class='ocrx_word' id='word_1_333' title='bbox 140 3711 205 3745; x_wconf 79' lang='lat' dir='ltr'><strong>anno</strong></span> <span class='ocrx_word' id='word_1_334' title='bbox 217 3698 273 3744; x_wconf 81' lang='lat' dir='ltr'><strong>tuit.</strong></span> <span class='ocrx_word' id='word_1_335' title='bbox 304 3697 371 3744; x_wconf 83' lang='lat' dir='ltr'><strong>Editi</strong></span> <span class='ocrx_word' id='word_1_336' title='bbox 381 3698 498 3746; x_wconf 79' lang='lat' dir='ltr'><strong>hactenns</strong></span> <span class='ocrx_word' id='word_1_337' title='bbox 508 3699 598 3746; x_wconf 82' lang='lat' dir='ltr'><strong>babent</strong></span> <span class='ocrx_word' id='word_1_338' title='bbox 609 3697 657 3744; x_wconf 79' lang='lat' dir='ltr'><strong>m·</strong></span> <span class='ocrx_word' id='word_1_339' title='bbox 690 3697 731 3742; x_wconf 74' lang='lat' dir='ltr'><strong>tta</strong></span> <span class='ocrx_word' id='word_1_340' title='bbox 742 3708 823 3744; x_wconf 84' lang='lat' dir='ltr'><strong>causa.</strong></span> 
     </span>
     <span class='ocr_line' id='line_1_42' title="bbox 141 3756 1204 3824; baseline -0.005 -16"><span class='ocrx_word' id='word_1_341' title='bbox 141 3763 184 3808; x_wconf 85' lang='lat' dir='ltr'><strong>cia.</strong></span> <span class='ocrx_word' id='word_1_342' title='bbox 218 3762 320 3824; x_wconf 80' lang='lat' dir='ltr'><strong>Pighius</strong></span> <span class='ocrx_word' id='word_1_343' title='bbox 335 3777 379 3824; x_wconf 87' lang='lat' dir='ltr'><strong>per</strong></span> <span class='ocrx_word' id='word_1_344' title='bbox 394 3763 574 3824; x_wconf 79' lang='lat' dir='ltr'><strong>diphthongum</strong></span> <span class='ocrx_word' id='word_1_345' title='bbox 589 3763 659 3808; x_wconf 81' lang='lat' dir='ltr'><strong>effert</strong></span> <span class='ocrx_word' id='word_1_346' title='bbox 723 3758 755 3807; x_wconf 73' lang='lat'><strong>49</strong></span> <span class='ocrx_word' id='word_1_347' title='bbox 770 3760 873 3808; x_wconf 71' lang='lat' dir='ltr'><strong>Ekarra</strong></span> <span class='ocrx_word' id='word_1_348' title='bbox 893 3773 930 3806; x_wconf 81' lang='lat' dir='ltr'><strong>sas</strong></span> <span class='ocrx_word' id='word_1_349' title='bbox 950 3759 1036 3806; x_wconf 80' lang='lat' dir='ltr'><strong>Patres</strong></span> <span class='ocrx_word' id='word_1_350' title='bbox 1057 3756 1204 3821; x_wconf 77' lang='lat' dir='ltr'><strong>aocspsmmt]</strong></span> 
     </span>
     <span class='ocr_line' id='line_1_43' title="bbox 142 3820 1207 3886; baseline -0.004 -14"><span class='ocrx_word' id='word_1_351' title='bbox 142 3827 410 3880; x_wconf 82' lang='lat' dir='ltr'><strong>hoenomeu.Roecius·</strong></span> <span class='ocrx_word' id='word_1_352' title='bbox 439 3827 516 3876; x_wconf 88' lang='lat' dir='ltr'><strong>Nobis</strong></span> <span class='ocrx_word' id='word_1_353' title='bbox 525 3827 659 3874; x_wconf 85' lang='lat' dir='ltr'><strong>consultius</strong></span> <span class='ocrx_word' id='word_1_354' title='bbox 691 3827 748 3873; x_wconf 89' lang='lat' dir='ltr'><strong>Duo</strong></span> <span class='ocrx_word' id='word_1_355' title='bbox 765 3832 887 3886; x_wconf 84' lang='lat' dir='ltr'><strong>postrema</strong></span> <span class='ocrx_word' id='word_1_356' title='bbox 895 3827 969 3872; x_wconf 83' lang='lat' dir='ltr'><strong>verbs</strong></span> <span class='ocrx_word' id='word_1_357' title='bbox 984 3825 1038 3871; x_wconf 82' lang='lat' dir='ltr'><strong>dcis</strong></span> <span class='ocrx_word' id='word_1_358' title='bbox 1052 3836 1110 3870; x_wconf 88' lang='lat' dir='ltr'><strong>cum</strong></span> <span class='ocrx_word' id='word_1_359' title='bbox 1122 3820 1207 3868; x_wconf 86' lang='lat' dir='ltr'><strong>Frein-</strong></span> 
     </span>
     <span class='ocr_line' id='line_1_44' title="bbox 143 3887 1207 3953; baseline -0.002 -16"><span class='ocrx_word' id='word_1_360' title='bbox 143 3892 224 3940; x_wconf 86' lang='lat' dir='ltr'><strong>visum</strong></span> <span class='ocrx_word' id='word_1_361' title='bbox 232 3897 269 3939; x_wconf 87' lang='lat' dir='ltr'><strong>est</strong></span> <span class='ocrx_word' id='word_1_362' title='bbox 280 3905 335 3938; x_wconf 83' lang='lat' dir='ltr'><strong>earn</strong></span> <span class='ocrx_word' id='word_1_363' title='bbox 347 3893 415 3952; x_wconf 86' lang='lat' dir='ltr'><strong>equi</strong></span> <span class='ocrx_word' id='word_1_364' title='bbox 423 3893 577 3952; x_wconf 83' lang='lat' dir='ltr'><strong>scripturam,</strong></span> <span class='ocrx_word' id='word_1_365' title='bbox 584 3903 659 3953; x_wconf 86' lang='lat' dir='ltr'><strong>quam</strong></span> <span class='ocrx_word' id='word_1_366' title='bbox 691 3891 785 3938; x_wconf 85' lang='lat' dir='ltr'><strong>shemio</strong></span> <span class='ocrx_word' id='word_1_367' title='bbox 801 3900 826 3936; x_wconf 86' lang='lat' dir='ltr'><strong>st</strong></span> <span class='ocrx_word' id='word_1_368' title='bbox 841 3890 971 3936; x_wconf 83' lang='lat' dir='ltr'><strong>Gronovio.</strong></span> <span class='ocrx_word' id='word_1_369' title='bbox 1004 3889 1052 3936; x_wconf 87' lang='lat' dir='ltr'><strong>Sed</strong></span> <span class='ocrx_word' id='word_1_370' title='bbox 1068 3887 1129 3934; x_wconf 85' lang='lat' dir='ltr'><strong>nihil</strong></span> <span class='ocrx_word' id='word_1_371' title='bbox 1140 3887 1207 3935; x_wconf 85' lang='lat' dir='ltr'><strong>aliud</strong></span> 
     </span>
     <span class='ocr_line' id='line_1_45' title="bbox 143 3952 1207 4014; baseline -0.005 -12"><span class='ocrx_word' id='word_1_372' title='bbox 143 3957 278 4014; x_wconf 80' lang='lat' dir='ltr'><strong>reperimus</strong></span> <span class='ocrx_word' id='word_1_373' title='bbox 286 3957 305 4004; x_wconf 88' lang='lat'><strong>1.</strong></span> <span class='ocrx_word' id='word_1_374' title='bbox 313 3955 426 4005; x_wconf 83' lang='lat' dir='ltr'><strong>xxvn.</strong></span> <span class='ocrx_word' id='word_1_375' title='bbox 444 3957 517 4011; x_wconf 87' lang='lat' dir='ltr'><strong>Livii,</strong></span> <span class='ocrx_word' id='word_1_376' title='bbox 529 3970 552 4003; x_wconf 90' lang='lat' dir='ltr'><strong>c.</strong></span> <span class='ocrx_word' id='word_1_377' title='bbox 560 3955 600 4003; x_wconf 81' lang='lat'><strong>36.</strong></span> <span class='ocrx_word' id='word_1_378' title='bbox 616 3954 660 4002; x_wconf 90' lang='lat' dir='ltr'><strong>ubi</strong></span> <span class='ocrx_word' id='word_1_379' title='bbox 692 3957 839 4002; x_wconf 83' lang='lat' dir='ltr'><strong>navandum.</strong></span> <span class='ocrx_word' id='word_1_380' title='bbox 873 3955 965 4002; x_wconf 89' lang='lat' dir='ltr'><strong>Dicunt</strong></span> <span class='ocrx_word' id='word_1_381' title='bbox 990 3952 1064 4014; x_wconf 78' lang='lat' dir='ltr'><strong>legati</strong></span> <span class='ocrx_word' id='word_1_382' title='bbox 1089 3964 1207 4012; x_wconf 77' lang='lat' dir='ltr'><strong>magnam</strong></span> 
     </span>
     <span class='ocr_line' id='line_1_46' title="bbox 142 4016 1208 4083; baseline -0.003 -18"><span class='ocrx_word' id='word_1_383' title='bbox 142 4019 183 4065; x_wconf 87' lang='lat' dir='ltr'><strong>M.</strong></span> <span class='ocrx_word' id='word_1_384' title='bbox 195 4021 289 4076; x_wconf 80' lang='lat' dir='ltr'><strong>listins,</strong></span> <span class='ocrx_word' id='word_1_385' title='bbox 300 4022 401 4068; x_wconf 73' lang='lat' dir='ltr'><strong>sommas</strong></span> <span class='ocrx_word' id='word_1_386' title='bbox 412 4018 485 4083; x_wconf 80' lang='lat' dir='ltr'><strong>hiijus</strong></span> <span class='ocrx_word' id='word_1_387' title='bbox 496 4021 606 4081; x_wconf 75' lang='lat' dir='ltr'><strong>pratens</strong></span> <span class='ocrx_word' id='word_1_388' title='bbox 616 4033 659 4082; x_wconf 87' lang='lat' dir='ltr'><strong>pa-</strong></span> <span class='ocrx_word' id='word_1_389' title='bbox 690 4033 743 4067; x_wconf 86' lang='lat' dir='ltr'><strong>esse</strong></span> <span class='ocrx_word' id='word_1_390' title='bbox 757 4021 851 4066; x_wconf 71' lang='lat' dir='ltr'><strong>eudem</strong></span> <span class='ocrx_word' id='word_1_391' title='bbox 864 4033 919 4066; x_wconf 81' lang='lat' dir='ltr'><strong>eam</strong></span> <span class='ocrx_word' id='word_1_392' title='bbox 929 4032 986 4079; x_wconf 83' lang='lat' dir='ltr'><strong>quse</strong></span> <span class='ocrx_word' id='word_1_393' title='bbox 996 4020 1045 4078; x_wconf 65' lang='lat' dir='ltr'><strong>Ap.</strong></span> <span class='ocrx_word' id='word_1_394' title='bbox 1057 4016 1154 4063; x_wconf 81' lang='lat' dir='ltr'><strong>ClaudiI</strong></span> <span class='ocrx_word' id='word_1_395' title='bbox 1171 4022 1208 4063; x_wconf 86' lang='lat' dir='ltr'><strong>ts·</strong></span> 
     </span>
     <span class='ocr_line' id='line_1_47' title="bbox 145 4081 1208 4144; baseline -0.003 -14"><span class='ocrx_word' id='word_1_396' title='bbox 145 4090 190 4139; x_wconf 83' lang='lat' dir='ltr'><strong>ter,</strong></span> <span class='ocrx_word' id='word_1_397' title='bbox 202 4086 237 4134; x_wconf 85' lang='lat' dir='ltr'><strong>sic</strong></span> <span class='ocrx_word' id='word_1_398' title='bbox 247 4087 389 4134; x_wconf 85' lang='lat' dir='ltr'><strong>nominatur</strong></span> <span class='ocrx_word' id='word_1_399' title='bbox 399 4095 423 4134; x_wconf 88' lang='lat' dir='ltr'><strong>et</strong></span> <span class='ocrx_word' id='word_1_400' title='bbox 434 4088 555 4134; x_wconf 87' lang='lat' dir='ltr'><strong>scribitur.</strong></span> <span class='ocrx_word' id='word_1_401' title='bbox 689 4086 802 4132; x_wconf 83' lang='lat' dir='ltr'><strong>meritate</strong></span> <span class='ocrx_word' id='word_1_402' title='bbox 819 4089 917 4144; x_wconf 85' lang='lat' dir='ltr'><strong>accepta</strong></span> <span class='ocrx_word' id='word_1_403' title='bbox 937 4084 1032 4131; x_wconf 78' lang='lat' dir='ltr'><strong>fuerat:</strong></span> <span class='ocrx_word' id='word_1_404' title='bbox 1056 4095 1146 4141; x_wconf 72' lang='lat' dir='ltr'><strong>msqus</strong></span> <span class='ocrx_word' id='word_1_405' title='bbox 1163 4081 1208 4142; x_wconf 89' lang='lat' dir='ltr'><strong>qui</strong></span> 
     </span>
    </p>

    <p class='ocr_par' dir='ltr' id='par_1_20' title="bbox 144 4147 1278 4477">
     <span class='ocr_line' id='line_1_48' title="bbox 177 4147 1208 4214; baseline -0.002 -18"><span class='ocrx_word' id='word_1_406' title='bbox 177 4148 210 4198; x_wconf 75' lang='grc'><strong>47</strong></span> <span class='ocrx_word' id='word_1_407' title='bbox 225 4150 290 4198; x_wconf 83' lang='lat' dir='ltr'><strong>Ante</strong></span> <span class='ocrx_word' id='word_1_408' title='bbox 317 4151 377 4198; x_wconf 67' lang='grc' dir='ltr'><strong>ἀίω</strong></span> <span class='ocrx_word' id='word_1_409' title='bbox 406 4154 514 4214; x_wconf 81' lang='lat' dir='ltr'><strong>quintam</strong></span> <span class='ocrx_word' id='word_1_410' title='bbox 541 4150 659 4198; x_wconf 78' lang='lat' dir='ltr'><strong>Kalendas</strong></span> <span class='ocrx_word' id='word_1_411' title='bbox 689 4149 825 4196; x_wconf 77' lang='lat' dir='ltr'><strong>referebant</strong></span> <span class='ocrx_word' id='word_1_412' title='bbox 840 4161 972 4210; x_wconf 85' lang='lat' dir='ltr'><strong>perpaucos</strong></span> <span class='ocrx_word' id='word_1_413' title='bbox 983 4147 1063 4194; x_wconf 82' lang='lat' dir='ltr'><strong>Italici</strong></span> <span class='ocrx_word' id='word_1_414' title='bbox 1076 4147 1171 4208; x_wconf 74' lang='lat' dir='ltr'><strong>ganeam</strong></span> <span class='ocrx_word' id='word_1_415' title='bbox 1181 4147 1208 4194; x_wconf 89' lang='lat' dir='ltr'><strong>iu</strong></span> 
     </span>
     <span class='ocr_line' id='line_1_49' title="bbox 145 4212 1209 4278; baseline -0.004 -14"><span class='ocrx_word' id='word_1_416' title='bbox 145 4212 299 4278; x_wconf 75' lang='lat' dir='ltr'><strong>Septembres]</strong></span> <span class='ocrx_word' id='word_1_417' title='bbox 315 4217 379 4278; x_wconf 80' lang='lat' dir='ltr'><strong>Lege</strong></span> <span class='ocrx_word' id='word_1_418' title='bbox 390 4217 490 4264; x_wconf 87' lang='lat' dir='ltr'><strong>omnino</strong></span> <span class='ocrx_word' id='word_1_419' title='bbox 501 4230 558 4264; x_wconf 89' lang='lat' dir='ltr'><strong>cum</strong></span> <span class='ocrx_word' id='word_1_420' title='bbox 576 4216 661 4277; x_wconf 79' lang='lat' dir='ltr'><strong>Pighio</strong></span> <span class='ocrx_word' id='word_1_421' title='bbox 693 4228 722 4262; x_wconf 85' lang='lat' dir='ltr'><strong>ea</strong></span> <span class='ocrx_word' id='word_1_422' title='bbox 733 4214 844 4272; x_wconf 89' lang='lat' dir='ltr'><strong>amissos,</strong></span> <span class='ocrx_word' id='word_1_423' title='bbox 854 4214 947 4262; x_wconf 82' lang='lat' dir='ltr'><strong>elevare</strong></span> <span class='ocrx_word' id='word_1_424' title='bbox 958 4227 986 4260; x_wconf 88' lang='lat' dir='ltr'><strong>ac</strong></span> <span class='ocrx_word' id='word_1_425' title='bbox 1001 4213 1113 4259; x_wconf 83' lang='lat' dir='ltr'><strong>minuere</strong></span> <span class='ocrx_word' id='word_1_426' title='bbox 1123 4217 1209 4260; x_wconf 76' lang='lat' dir='ltr'><strong>conns</strong></span> 
     </span>
     <span class='ocr_line' id='line_1_50' title="bbox 146 4277 1210 4342; baseline -0.005 -14"><span class='ocrx_word' id='word_1_427' title='bbox 146 4277 264 4328; x_wconf 79' lang='lat' dir='ltr'><strong>Kalendas</strong></span> <span class='ocrx_word' id='word_1_428' title='bbox 274 4281 425 4330; x_wconf 80' lang='lat' dir='ltr'><strong>Februarias.</strong></span> <span class='ocrx_word' id='word_1_429' title='bbox 459 4281 537 4342; x_wconf 85' lang='lat' dir='ltr'><strong>Supra</strong></span> <span class='ocrx_word' id='word_1_430' title='bbox 548 4282 614 4329; x_wconf 87' lang='lat' dir='ltr'><strong>enim</strong></span> <span class='ocrx_word' id='word_1_431' title='bbox 625 4282 663 4328; x_wconf 89' lang='lat' dir='ltr'><strong>di·</strong></span> <span class='ocrx_word' id='word_1_432' title='bbox 693 4280 729 4329; x_wconf 80' lang='lat' dir='ltr'><strong>rei</strong></span> <span class='ocrx_word' id='word_1_433' title='bbox 747 4280 874 4327; x_wconf 84' lang='lat' dir='ltr'><strong>veritatem</strong></span> <span class='ocrx_word' id='word_1_434' title='bbox 893 4279 960 4325; x_wconf 91' lang='lat' dir='ltr'><strong>illius</strong></span> <span class='ocrx_word' id='word_1_435' title='bbox 981 4277 1057 4326; x_wconf 82' lang='lat' dir='ltr'><strong>cladis</strong></span> <span class='ocrx_word' id='word_1_436' title='bbox 1077 4277 1210 4338; x_wconf 78' lang='lat' dir='ltr'><strong>ignomini-</strong></span> 
     </span>
     <span class='ocr_line' id='line_1_51' title="bbox 145 4342 1278 4408; baseline 0.007 -20"><span class='ocrx_word' id='word_1_437' title='bbox 145 4342 208 4390; x_wconf 87' lang='lat' dir='ltr'><strong>citur</strong></span> <span class='ocrx_word' id='word_1_438' title='bbox 224 4348 258 4394; x_wconf 82' lang='grc' dir='ltr'><strong>Δ.</strong></span> <span class='ocrx_word' id='word_1_439' title='bbox 276 4346 382 4393; x_wconf 87' lang='lat' dir='ltr'><strong>Hostilio</strong></span> <span class='ocrx_word' id='word_1_440' title='bbox 397 4349 554 4408; x_wconf 85' lang='lat' dir='ltr'><strong>imperatum,</strong></span> <span class='ocrx_word' id='word_1_441' title='bbox 573 4348 611 4393; x_wconf 84' lang='lat' dir='ltr'><strong>s&#39;ta</strong></span> <span class='ocrx_word' id='word_1_442' title='bbox 625 4359 661 4392; x_wconf 87' lang='lat' dir='ltr'><strong>co-</strong></span> <span class='ocrx_word' id='word_1_443' title='bbox 693 4358 745 4392; x_wconf 82' lang='lat' dir='ltr'><strong>sm.</strong></span> <span class='ocrx_word' id='word_1_444' title='bbox 1276 4401 1278 4408; x_wconf 49' lang='grc'>,</span> 
     </span>
     <span class='ocr_line' id='line_1_52' title="bbox 144 4405 1209 4477; baseline -0.006 -19"><span class='ocrx_word' id='word_1_445' title='bbox 144 4407 213 4458; x_wconf 78' lang='lat' dir='ltr'><strong>mitis</strong></span> <span class='ocrx_word' id='word_1_446' title='bbox 232 4409 364 4459; x_wconf 77' lang='lat' dir='ltr'><strong>muralibus</strong></span> <span class='ocrx_word' id='word_1_447' title='bbox 382 4411 534 4477; x_wconf 78' lang='lat' dir='ltr'><strong>subrogandis</strong></span> <span class='ocrx_word' id='word_1_448' title='bbox 553 4412 661 4471; x_wconf 81' lang='lat' dir='ltr'><strong>sdicsrst,</strong></span> <span class='ocrx_word' id='word_1_449' title='bbox 722 4409 758 4458; x_wconf 46' lang='grc' dir='ltr'><strong>Χ50</strong></span> <span class='ocrx_word' id='word_1_450' title='bbox 777 4409 857 4460; x_wconf 76' lang='lat' dir='ltr'><strong>Tertio</strong></span> <span class='ocrx_word' id='word_1_451' title='bbox 874 4409 911 4457; x_wconf 80' lang='lat' dir='ltr'><strong>dte</strong></span> <span class='ocrx_word' id='word_1_452' title='bbox 927 4413 980 4470; x_wconf 80' lang='lat' dir='ltr'><strong>post</strong></span> <span class='ocrx_word' id='word_1_453' title='bbox 999 4409 1141 4464; x_wconf 77' lang='lat' dir='ltr'><strong>Tsrmmslia</strong></span> <span class='ocrx_word' id='word_1_454' title='bbox 1157 4405 1209 4454; x_wconf 81' lang='lat' dir='ltr'><strong>Ka·</strong></span> 
     </span>
    </p>
   </div>
   <div class='ocr_carea' id='block_1_7' title="bbox 0 0 1577 4984">
    <p class='ocr_par' dir='ltr' id='par_1_21' title="bbox 0 0 1577 4984">
     <span class='ocr_line' id='line_1_53' title="bbox 0 0 1577 4984; baseline 0 0"><span class='ocrx_word' id='word_1_455' title='bbox 0 0 1577 4984; x_wconf 95' lang='lat' dir='ltr'><strong> </strong></span> 
     </span>
    </p>
   </div>
  </div>
 </body>
</html>
