3120 4984
151 402 180 448 11.
193 402 219 448 C.
233 399 288 448 ssi.

152 469 183 516 Α.
192 469 221 515 (l.
235 467 288 514 111.

313 213 353 274 ss
710 210 821 271 τιτι
854 209 988 268 trvrr
1028 175 1031 186 '

315 377 445 442 avertit:
476 376 590 464 quibus
619 395 718 462 quum
747 372 874 458 *gravis
911 374 963 439 ab¹
982 389 1074 460 tergo
1107 373 1238 438 instaret
1267 371 1385 447 bossin

316 464 541 528 Thessalorum
564 463 734 548 equitatus,
748 463 804 548 qui
824 461 938 524 aloevo
959 482 1061 524 cornu
1078 461 1172 524 'brevi
1194 460 1298 544 spatio
1319 459 1389 522 dis·

309 552 440 637 junctus
461 551 495 614 in
519 550 666 614 subsidiis
679 549 789 612 'luerat
811 561 901 612 extra
919 569 1118 624 concursum,
1134 549 1241 631 primo
1263 559 1389 630 specta-

315 657 365 700 tor
380 637 571 709 certaminis,
587 635 714 712 deinde,
730 633 881 698 inclinata
899 655 942 710 re,
959 635 1099 698 maximo
1114 633 1186 698 usui
1207 633 1277 697 fuir.
1323 631 1389 696 Ce-

314 725 410 788 dente
425 726 523 786 senirn
547 725 661 787 sensim
685 721 816 807 integris
839 720 1016 796 ommibus,
1032 731 1198 807 postquam
1215 741 1247 781 se
1265 719 1387 782 Eumo-

313 811 362 874 nis
377 810 505 874 auxiliis
526 809 755 894 adjunxerunt,
769 821 800 871 et
815 829 885 870 cum
902 831 940 872 eo
956 821 1058 871 tutum
1075 808 1159 871 inter
1172 806 1301 880 ordines
1312 827 1388 868 suos

306 911 476 981 receptum
491 896 586 960 sociis
608 894 683 982 fuga
697 893 854 979 dissipatis
869 893 998 969 dabant,
1015 908 1056 968 et,
1073 917 1170 978 quum
1188 893 1293 958 minus
1307 914 1388 956 con·

313 981 384 1047 ferti
408 982 514 1048 hostes
544 987 710 1058 instarent,
733 981 881 1068 progredi
903 981 997 1043 etiam
1022 983 1100 1060 ausi,
1122 980 1238 1045 multos
1259 979 1387 1081 fqgien-

305 1072 393 1133 -tium
417 1070 528 1135 obvios
550 1083 769 1154 exceperunt,
804 1069 874 1132 Nec
895 1067 1006 1148 ⁵regii,
1022 1067 1123 1150 sparsi
1139 1069 1206 1153 jam
1229 1068 1290 1151 ipsi
1313 1088 1389 1150 pas·

314 1157 374 1220 sirn
397 1157 569 1244 sequendo,
586 1177 658 1219 curn
681 1155 835 1218 ordinatis
856 1169 888 1218 et
910 1167 997 1217 certo
1019 1153 1258 1218 ⁶incedentibus
1281 1153 1389 1238 gradu

315 1265 426 1308 manus
452 1247 617 1306 conserere
639 1241 808 1304 audebant.
831 1240 997 1317 stainam,w
1015 1241 1115 1304 victor
1140 1241 1276 1326 equestri
1299 1261 1388 1322 proe-

150 1331 357 1400 neuqua-lio
380 1353 437 1394 rex
460 1351 559 1411 perro
581 1341 742 1392 momento
764 1329 790 1390 si
812 1329 989 1412 adjuvisset,
1005 1326 1199 1391 debellatum
1221 1340 1310 1401 esset,
1325 1347 1388 1409 op·

120 1413 124 1417 '
150 1407 182 1454 tri
191 1406 276 1465 proelio

151 1472 235 1517 victor.

149 2382 268 2442 Receptui

149 2447 221 2493 canit.

307 1430 450 1503 portune
464 1414 667 1480 ⁸adhortanti
692 1415 874 1497 supervenit
895 1413 1049 1498 phalanx,
1088 1436 1161 1478 uam
1181 1437 1239 1478 sua
1260 1425 1387 1496 sponte,

307 1526 355 1568 -ne
383 1503 497 1567 audaci
527 1515 634 1586 coepto
654 1500 830 1576 ⁹deessent,
856 1500 996 1586 Hippias
1021 1514 1053 1565 et
1125 1515 1237 1565 onatus
1267 1499 1388 1584 raptim

306 1589 524 1666 adduxerant,
547 1604 723 1675 postquam,
739 1609 890 1672 prospere
915 1607 1072 1672 pugnasse
1094 1588 1231 1675 equitem
1255 1607 1389 1669 accepe-

307 1691 399 1742 runt.
445 1675 635 1741 Fluctuante
649 1696 725 1762 rege
745 1675 829 1738 inter
843 1695 930 1760 spem
953 1686 1137 1761 metumque
1151 1687 1249 1739 tantae
1269 1675 1314 1736 rei
1329 1696 1388 1737 co-

313 1763 440 1840 nandae,
458 1763 618 1828 Cretensis
633 1761 790 1837 Evander,
807 1783 872 1848 quo
888 1762 1037 1848 ministro
1046 1761 1184 1847 Delphis
1198 1761 1240 1825 ad
1255 1759 1389 1824 insidias

316 1851 467 1915 Eumenis
487 1849 569 1932 regis
592 1872 665 1912 usus
687 1861 765 1924 erat,
781 1853 947 1934 pustquam
964 1848 989 1887 ¹⁰
1000 1871 1114 1934 agmen
1129 1847 1307 1932 inpeditum
1331 1869 1388 1912 ve·

305 1937 469 2002 -uientiuln
492 1937 551 2000 sub
573 1936 672 2022 signis
687 1935 775 2011 vidit,
791 1935 831 1998 ad
855 1957 959 2021 regern
976 1935 1129 2013 adcurrit,
1145 1951 1177 1999 et
1191 1941 1321 1999 monere
1336 1935 1389 1998 in·

314 2025 403 2102 stitit,
413 2047 452 2086 ue
462 2026 560 2088 elatus
562 2025 724 2107 felicitate
734 2043 877 2085 summam
888 2027 987 2086 reru'm
999 2032 1109 2086 temere
1124 2024 1159 2086 iu
1173 2043 1235 2084 nou
1248 2043 1388 2086 necessa-

312 2113 391 2174 riam
406 2111 505 2174 oleam
520 2113 620 2173 daret.
665 2110 701 2174 Si
714 2118 870 2173 contentus
891 2108 964 2171 beue
978 2131 1012 2172 re
1023 2118 1111 2193 gesta
1127 2106 1257 2193 quiesset
1271 2131 1306 2172 eo
1320 2109 1387 2186 die,

313 2199 360 2260 vel
369 2200 462 2280 pacis
475 2198 609 2260 honestae
619 2197 822 2260 conditionem
837 2195 1020 2269 habiturum,
1033 2198 1080 2260 uel
1088 2197 1240 2279 plurimos
1254 2194 1328 2258 beili
1336 2217 1388 2258 so-

311 2286 384 2364 cios,
407 2287 462 2368 qru'
477 2285 644 2368 fhrtuuom
673 2291 877 2366 sequerentur,
899 2283 929 2345 si
953 2281 1068 2346 bellare
1095 2285 1209 2346 maliet.
1255 2281 1294 2344 In
1321 2281 1388 2346 hoc

311 2371 480 2435 consilium
507 2370 639 2454 pronior
664 2381 732 2434 erat
758 2367 883 2432 animus
905 2369 999 2454 regis.
1045 2370 1171 2455 ltaque,
1191 2367 1387 2434 conlaudato

310 2457 477 2535 Evandro,
493 2458 584 2541 signa
605 2454 948 2540 referri-peditumque
966 2477 1082 2541 agmen
1098 2455 1202 2520 redire
1225 2456 1259 2519 in
1280 2467 1388 2520 castra

306 2546 416 2630 jubet:
440 2544 599 2630 equitibus
614 2543 756 2626 receptui
772 2562 894 2606 canere.
950 2573 953 2576 ·
1222 2597 1225 2604 ,

356 2630 433 2694 LX.
458 2629 611 2694 Cecidere
632 2652 670 2692 eo
695 2628 747 2690 (lie
773 2630 812 2690 ab
837 2627 992 2692 Romanis
1016 2627 1144 2692 ducenti
1171 2631 1301 2714 equites,
1318 2631 1388 2695 (luo

310 2717 420 2792 millia,
439 2717 522 2780 haud
548 2715 665 2789 minus,
686 2713 850 2797 peditum3
874 2714 958 2801 capti
981 2713 1078 2778 senne
1100 2715 1228 2778 ducenti
1252 2717 1387 2817 equites.

311 2826 352 2865 ex
375 2804 469 2892 regiis
492 2814 597 2865 autern
621 2801 732 2888 viginti
756 2801 887 2880 equites,
907 2800 1117 2888 quadraginta
1139 2801 1262 2885 pedites
1286 2821 1388 2866 mter-

312 2888 394 2953 t'ecti.
441 2889 623 2974 Postquam·
637 2887 757 2954 rediere
779 2888 812 2950 in
835 2902 938 2952 castra
958 2889 1104 2966 victores,
1120 2911 1229 2954 ornnes
1252 2891 1389 2975 quidem

343 3165 476 3230 sarava]
508 3169 547 3218 Sic
578 3171 674 3218 edidere
706 3169 830 3218 Gronovii.
864 3169 985 3216 Gronovio
997 3170 1088 3226 legerer
1105 3169 1255 3218 debellaturus
1265 3177 1331 3216 cuer.

308 3235 429 3289 Quasdam
447 3237 501 3282 aliae
520 3236 638 3283 editiones
648 3237 766 3295 grauius.-
784 3237 830 3280 mi-
895 3229 1083 3296 enumerare]
1100 3235 1124 3281 Si
1140 3236 1314 3282 adhortabatur
1327 3247 1389 3280 suos

310 3313 356 3344 nus
367 3300 491 3346 concinne.
519 3301 588 3346 Idem
599 3301 716 3346 mendum
728 3300 830 3359 irrepse-
863 3299 1006 3344 Perseusad
1021 3301 1182 3360 peragendam
1194 3301 1329 3354 victoriam,
1341 3313 1389 3346 cur

310 3372 346 3410 rat
360 3378 433 3424 supra
449 3365 465 3409 1.
478 3363 590 3410 XXVII.
603 3381 625 3411 c.
638 3365 661 3410 lc
681 3371 754 3423 atque
774 3366 831 3410 inde
864 3365 939 3423 igitur
962 3369 1013 3409 tarn
1041 3366 1103 3410 bona
1129 3365 1253 3411 occasione
1278 3366 1389 3426 segniter

309 3431 433 3476 sublatum
445 3435 491 3486 est,
503 3431 642 3476 auctoribus
653 3429 757 3488 scriptis.
864 3441 923 3474 usus
940 3429 998 3474 est?
1021 3429 1060 3478 An
1073 3431 1191 3489 legemus,
1208 3429 1283 3474 adhue
1301 3431 1387 3483 sterrtr',

341 3493 457 3552 5Regs'r',
478 3496 555 3552 rpursr'
565 3495 620 3554 jour
640 3489 698 3556 ipre]
719 3494 832 3540 Macedo·
864 3493 968 3538 necdum
980 3496 1087 3552 receptui
1097 3508 1182 3540 canere
1189 3490 1306 3556 jubenti?
1319 3497 1388 3554 quod

309 3573 360 3611 nes,
368 3559 409 3618 qui
421 3565 446 3604 et
457 3559 578 3617 ipsarum
590 3568 725 3619 sequuntur
736 3559 832 3617 fugien-
863 3557 936 3618 paulo
947 3560 1078 3617 postfecit.
1115 3610 1118 3618 Ι
1321 3575 1324 3580 ·

309 3631 354 3679 tes,
366 3625 463 3668 ordines
473 3624 602 3669 solverant.
637 3623 705 3670 Nihil
722 3624 747 3668 in
766 3624 831 3670 hunc
896 3619 1050 3684 9Deeuent]
1078 3623 1117 3668 su
1148 3625 1235 3670 maluit
1263 3623 1388 3684 Sigonius.

307 3690 400 3740 iocum,
412 3694 497 3746 utpote
508 3688 567 3734 clari
585 3690 717 3734 admodum
735 3700 830 3740 sensus,
863 3686 944 3732 Vetus
961 3689 1086 3748 exemplar
1104 3686 1193 3734 deerret.
1227 3689 1274 3736 Sed
1297 3703 1387 3750 parurn

307 3759 501 3806 annotassemua,
514 3753 560 3798 nisi
572 3749 687 3814 Dujatius
703 3753 779 3812 regiae
791 3753 829 3798 in·
862 3752 971 3798 interest.
1019 3757 1022 3764 ’

305 3818 439 3872 reluxisset
452 3816 570 3864 Eumenis
581 3818 678 3863 milites.
896 3817 927 3864 10
954 3819 1046 3878 Agrum
1077 3815 1226 3882 tnrprdilum]
1266 3819 1387 3867 observat

340 3877 543 3944 discedentium}
569 3883 678 3928 Primum
706 3882 830 3940 exemplar
863 3880 1005 3930 Perizonius
1020 3886 1164 3944 phalangem
1177 3885 1389 3932 nullomodoim-

304 3947 393 3994 ,habuit
409 3944 567 3992 tricidents'iue.
599 3947 748 3996 Emendavit
762 3948 829 4007 Sigo-
857 3947 965 4006 peditum
973 3949 1021 3995 dici
1032 3949 1147 4009 potuisse,
1160 3964 1215 4009 quae
1227 3963 1300 4009 supra
1312 3962 1333 3996 c.
1345 3947 1387 3996 58·

307 4013 370 4058 nius.
698 4049 701 4056 .
860 4011 950 4060 dicitur
969 4015 1064 4060 stetisse
1082 4015 1201 4060 instructa
1220 4029 1248 4072 eq
1268 4015 1321 4060 loco
1337 4027 1389 4072 quo

341 4077 355 4122 7
374 4075 462 4134 erruu,
477 4077 550 4122 uictor·
566 4077 665 4136 equestri
684 4077 766 4137 praello
785 4089 828 4124 rra·
861 4079 964 4136 solebat,
975 4087 1060 4138 parata
1072 4081 1103 4126 ad
1117 4092 1236 4139 pugnarn,
1246 4085 1274 4126 ut
1286 4092 1317 4124 ex
1333 4085 1388 4126 tota

307 4141 365 4186 ..ri
382 4141 517 4199 adjuvisset,
533 4141 667 4188 debellatum
683 4137 750 4203 erret]
771 4142 828 4188 Pot·
862 4145 999 4190 narratione
1013 4145 1112 4204 patuit.
1146 4145 1232 4204 Itaque
1258 4143 1317 4202 legit
1339 4159 1387 4202 ug·

284 4199 343 4250 ‘est
355 4206 453 4264 quidem
466 4207 567 4264 exponi:
586 4207 668 4259 Quum
680 4208 828 4262 debellatum
861 4221 913 4252 urea
934 4209 1048 4268 prditum.
1083 4205 1159 4254 Paulo
1177 4215 1232 4268 post
1249 4208 1279 4255 da
1298 4210 1386 4256 eadam

306 4277 378 4320 esset,
396 4269 416 4312 si
433 4283 485 4328 rex,
501 4272 542 4332 qui
560 4271 637 4316 victor
652 4266 706 4332 ⁸ianr
723 4273 828 4329 equestri
862 4272 998 4332 phalange:
1023 4273 1172 4334 peditumque
1198 4284 1282 4333 ugnus
1308 4272 1391 4320 redire

304 4334 391 4396 praetio
408 4339 470 4396 erut,
487 4347 561 4392 parvo
581 4341 705 4380 momento
723 4332 829 4395 adjuvis·
861 4337 886 4398 iu
898 4339 1054 4399 rustrojudet.

306 4405 350 4443 sat.
385 4397 517 4444 lllallemus
530 4405 610 4444 tamen
626 4413 683 4444 curn
695 4399 793 4459 Sigania
804 4406 829 4446 et
864 4405 868 4410 '
