3120 4984
454 195 550 257 LIB.
571 193 672 256 XLII.
699 195 805 257 cAt’.
831 198 884 257 ιι.
1160 209 1198 269 77

133 371 225 428 reor
243 359 282 426 Si
298 363 447 444 possessio
466 361 552 424 laud
570 361 713 446 ambigua
734 363 825 446 regni
844 366 1101 440 monumnenta
1122 367 1201 431 diem
1211 374 1347 426 tt.c.sc1.

133 458 310 532 temptuque
322 448 449 535 adferre
462 469 563 531 posse,
579 447 687 531 quihus
700 469 761 512 non
774 451 888 514 amissa
903 453 990 514 modo
1009 445 1240 536 receperam&
1251 445 1281 491 ⁰·
1293 441 1349 490 ¹⁷¹·

133 536 190 601 sed
202 536 356 600 timendus
368 537 451 598 ultro
468 535 509 598 iis
529 555 602 612 erse,
616 555 690 618 quos
710 541 790 598 nunc
809 537 940 614 timeret,
950 547 1063 620 posset.
1109 538 1203 604 Cete-

31 649 32 652 ¹
134 642 209 686 rum
224 620 328 686 multo
346 621 450 706 mojor
470 642 545 706 purs
566 618 726 684 ferocioris
748 622 913 686 sementim
933 637 1018 688 crat:
1045 627 1206 709 Quidquid

134 709 281 784 cessisset,
297 729 362 772 cum
377 729 412 771 eo
426 709 517 772 simul
530 727 624 792 regno
634 709 778 790 protinus
791 711 953 773 cedendum
968 731 1038 788 esse,
1054 711 1204 777 adfirmo·

133 794 225 860 bunt.
263 794 371 878 Neque
384 795 464 858 enim
479 795 636 857 Romams
644 795 778 875 pecunia
792 805 848 859 out
860 817 940 878 agro
953 819 1061 881 egere:
1083 801 1137 862 sed
1149 800 1205 863 lroc

133 883 224 962 seire,
240 901 331 964 quum
352 882 456 944 omnia
476 881 621 955 humana,
636 889 698 944 tum
721 883 854 944 marimo
877 903 1001 966 quaque
1018 893 1049 948 et
1062 905 1159 970 regua
1174 895 1205 950 et

135 968 270 1050 imperia
284 967 338 1032 sub
351 966 470 1030 casibus
483 968 586 1032 mreltis
599 987 670 1030 esse.
699 965 726 1006 ⁶⁰
735 967 1043 1052 Karthaginiensium
1058 968 1207 1054 opcsfre·

132 1055 217 1138 gisee
236 1075 310 1129 sese,
333 1062 363 1117 et
382 1053 549 1118 conicitur
569 1069 670 1116 eorum
686 1063 905 1136 proepotentem
912 1056 1087 1138 finitimum
1106 1067 1207 1142 regem

135 1141 327 1222 inposuisse:
349 1139 533 1207 Antiochum
549 1141 784 1224 progeniemque
798 1139 860 1223 mus
874 1139 897 1179 ⁸¹
907 1143 991 1205 ultra
1002 1141 1086 1228 juga
1106 1144 1209 1210 Tauri

134 1235 293 1292 remotum.
343 1225 442 1290 Unico
455 1247 518 1290 esse
532 1225 728 1290 Macedonia
740 1247 875 1315 regnum,
891 1237 922 1292 et
934 1231 1060 1313 regione
1073 1233 1207 1316 propin·

136 1334 228 1396 pacm
250 1323 281 1378 et
303 1314 393 1397 quod,
416 1311 549 1377 ⁶²sicubi
566 1314 685 1395 populo
708 1314 866 1376 Romnum
885 1336 942 1378 sua
954 1316 1093 1404 fortuna
1113 1316 1206 1396 labet,

136 1400 283 1483 antiquos
296 1401 415 1464 animos
427 1399 550 1483 regua
569 1401 633 1463 suis
646 1401 790 1464 uideatur
797 1401 1013 1485 paterfacere.
1056 1403 1141 1468 Dum
1157 1405 1207 1467 in·

136 1494 233 1570 tegra
245 1508 297 1550 res
310 1484 381 1552 ⁶5⁴*
394 1487 483 1569 apud
502 1487 636 1550 animum
650 1507 733 1550 suum
750 1488 866 1552 Persea
883 1487 1000 1565 debere,
1015 1498 1127 1570 utrum,
1141 1491 1207 1554 sin·
1302 1501 1307 1512 ·

133 1573 211 1656 guda
225 1574 424 1652 concedendo,
435 1574 569 1642 nudatus
581 1573 627 1635 od
638 1581 801 1636 ectremum
816 1574 922 1656 opibus
935 1578 1124 1660 eatorrimue
1137 1597 1207 1662 reg·

138 1681 189 1738 no,
204 1659 447 1724 Samothraciam
462 1659 594 1724 aliamve
610 1680 701 1742 quam
722 1661 853 1723 insulam
870 1671 977 1742 petere
990 1661 1030 1726 ab
1047 1663 1206 1742 Romanis,

139 1745 193 1810 ott
200 1749 347 1828 privatus
360 1755 510 1830 superstes
523 1767 682 1830 regnasua
697 1746 731 1808 in
744 1755 894 1810 contemtu
905 1757 999 1831 atque
1013 1751 1122 1832 inopia
1136 1771 1210 1817 con-

137 1842 282 1910 smcccat,
294 1834 399 1896 cmlii:
421 1854 474 1909 on,
487 1841 624 1896 amatus
634 1833 746 1895 oindea
747 1833 892 1917 fortuna
901 1836 1125 1920 dignitatisque
1133 1857 1206 1914 sica,
1246 1895 1254 1910 ,

140 1920 188 1984 ita
204 1928 238 1982 ut
251 1921 320 1983 aira
328 1919 419 2004 forti
432 1919 557 2003 dignum
577 1920 630 1995 sit,
649 1920 805 2001 patiatur,
821 1922 1023 2005 quodcumque
1036 1943 1123 1986 coms
1136 1923 1212 1988 belli

29 2033 30 2036 ¹
139 2006 265 2078 tulerit,·
287 2015 344 2070 aut
359 2007 456 2071 uictor
469 2005 578 2068 liberet
591 2005 691 2068 orbern
702 2015 854 2070 ter-ranem
864 2007 905 2070 ab
916 2010 1046 2092 imperio
1057 2009 1208 2074 Romano.

139 2091 215 2158 Non
229 2113 291 2161 esse
300 2092 518 2156 admirabilius
528 2092 684 2156 Romnum
697 2091 822 2156 Gracia
831 2095 921 2176 pelli,
934 2115 1023 2180 quam
1035 2096 1227 2163 Hanniba·.

138 2181 195 2244 lem
210 2179 311 2244 Italia
320 2181 443 2262 pulsum
457 2199 529 2242 esse.
551 2199 657 2261 neque,
674 2179 820 2258 Heracle,
834 2181 948 2259 nidere,
964 2180 1018 2267 qui
1037 2184 1209 2259 conueniat,

129 2266 251 2351 fratri,
267 2267 442 2351 adfectanti
457 2286 518 2346 per
537 2262 683 2347 im'uriam
702 2287 839 2348 regnum,
857 2287 970 2331 nicoma
990 2270 1023 2332 ui
1042 2266 1191 2333 restitisse
1194 2292 1209 2344 ,⁰

106 2425 109 2434 ,
140 2354 326 2437 alienigenis
339 2353 519 2436 beneparta
532 2371 567 2414 eo
581 2353 696 2414 aerim.
729 2349 755 2390 ⁰⁴
764 2353 923 2416 Postremo
937 2353 984 2416 ita
998 2353 1077 2417 bello
1090 2363 1121 2417 et
1127 2366 1210 2436 pace

140 2441 249 2523 quari,
265 2448 300 2504 ut
321 2441 524 2504 interamnis
544 2437 715 2512 concutiat,
731 2457 786 2500 nec
806 2439 927 2520 turpius
949 2440 1114 2526 quidquam
1134 2459 1210 2518 esse,

141 2547 231 2610 mam
246 2527 313 2590 sine
323 2526 492 2590 certamine
505 2524 625 2588 cessisse
639 2544 749 2608 regno.-
765 2544 819 2587 nec
831 2525 1017 2606 preclarius
1031 2526 1209 2610 quidquam,

139 2633 231 2696 quom
249 2634 310 2696 pro
330 2613 489 2697 dignitate
506 2632 545 2673 oc
567 2608 725 2694 omjestate
746 2631 861 2674 omnem
871 2611 1038 2696 fortunam
1053 2622 1209 2698 repertum

140 2721 211 2764 esse.
667 2749 670 2758 ,

182 2785 242 2852 Li.
267 2783 375 2865 Pellae,
400 2785 431 2848 in
457 2796 561 2848 vetere
585 2782 673 2869 regis
700 2781 928 2862 Macedonum,
951 2782 1013 2850 hoo
1038 2783 1208 2850 consilium

140 2885 217 2938 eret.
265 2871 418 2936 Gemmus
444 2893 528 2955 ergo,
550 2870 664 2957 inquit,
687 2871 766 2934 Diis
786 2871 860 2936 bene
869 2870 1063 2956 juvantibus,
1086 2876 1211 2958 quando

141 2961 188 3024 ita
209 2960 343 3039 uidetur,
363 2959 489 3022 bellum.-
511 2957 673 3042 literisque
694 2958 779 3021 circe
798 2957 966 3044 praefectos
987 2959 1133 3037 dimissis,
1151 2959 1208 3024 ci-

140 3045 219 3112 tium
248 3043 466 3130 (Macedonio
494 3043 648 3130 oppidum
678 3045 739 3125 est)
763 3045 871 3130 copiss
898 3067 1008 3110 omnes
1037 3045 1207 3112 contrahit.

139 3131 206 3218 ipse
234 3144 362 3197 centum
391 3131 503 3225 hostiis
525 3129 681 3194 sacrificio
709 3128 858 3216 regaliter
879 3129 1083 3210 ⁶⁵Minervae,
1111 3154 1207 3219 quom

382 3353 384 3357 ,
466 3294 480 3333 t
487 3290 588 3351 populus
598 3288 719 3336 ‘liemarus
730 3288 805 3334 tiron.
816 3286 885 3333 Creu.

173 3425 205 3472 60
231 3421 463 3484 Carthaginiensium
483 3435 537 3483 cpcr
552 3421 658 3482 srcgiese
724 3419 756 3468 64
771 3421 893 3466 Postremo
903 3419 1003 3466 italelm
1018 3423 1041 3468 et
1053 3429 1111 3481 poce
1121 3419 1208 3483 mort]

138 3489 196 3552 use]
230 3488 289 3534 Vox
307 3501 354 3534 scre
369 3489 499 3546 redundat,
518 3494 543 3534 et
562 3487 658 3533 vitietur
691 3487 771 3534 Locus
781 3490 925 3544 corrupturi
942 3481 1123 3548 cujusccnsum
1134 3499 1209 3545 segre,

142 3551 657 3612 mtaecsecxvitioscrepctittoncultimn·
691 3553 764 3598 verbu
785 3549 926 3596 nullomodo
947 3551 1043 3610 eccequi
1067 3563 1111 3595 nos
1138 3563 1209 3615 posce

141 3635 197 3669 sum
208 3621 347 3666 littcccmm
359 3617 425 3664 verbi
435 3617 603 3676 procedentis.
690 3629 824 3676 speramus.
842 3615 956 3662 ceterum
963 3628 993 3661 cx
1000 3615 1125 3674 particulis
1135 3617 1170 3660 ita
1181 3644 1188 3659 .
1199 3645 1208 3660 .

174 3685 204 3734 sl
227 3683 364 3745 Ultcajsrgo
377 3682 454 3728 raon
464 3681 591 3744 mum]
610 3681 659 3728 iiic
690 3686 717 3728 ut
728 3682 824 3728 ridetur
837 3679 921 3725 infern
936 3691 1015 3739 posse,
1027 3679 1119 3740 aliquid
1129 3679 1209 3740 priore

140 3763 247 3812 quoquc,
256 3753 285 3794 ut
292 3761 313 3794 c.
322 3748 361 3796 te.
371 3759 453 3807 supra,
462 3749 542 3808 magis
553 3748 660 3806 placem
690 3748 802 3793 membro
813 3745 907 3792 dictum
918 3745 1002 3800 nurse,
1013 3746 1078 3804 quod
1091 3745 1209 3804 atiquate-

140 3819 250 3864 Μίνω.
691 3825 738 3858 nus
759 3813 927 3858 adramium
941 3810 972 3856 iis
988 3823 1044 3869 quae
1059 3809 1086 3854 in
1103 3809 1210 3854 secundo

175 3879 207 3928 62
225 3877 305 3926 utam
312 3877 413 3938 populu
423 3876 544 3923 licinanius
554 3892 596 3924 nra
602 3875 658 3938 fir-
691 3877 803 3922 membro
811 3871 937 3923 dicunturi
950 3887 1047 3936 prorsus
1055 3874 1127 3931 quusi
1134 3871 1210 3934 priori

141 3948 201 3991 tuna
222 3942 293 4006 latet]
321 3942 397 3988 liceto
418 3941 515 3988 videtur
530 3943 659 3989 mentiare
690 3941 802 3986 membro
820 3937 948 3998 praefixum
968 3943 1031 3986 esset
1051 3936 1077 3986 cl
1093 3938 1210 3998 momnis,

140 4009 261 4061 (tintcum
283 4007 363 4054 Siculi
385 4006 469 4068 populo
493 4003 599 4054 Romano
616 4021 660 4053 cuo
691 4005 761 4051 citeri
771 4007 856 4050 tamm.
886 4003 971 4064 linque
982 4004 1135 4064 suspicemur
1146 4003 1210 4049 hanc

137 4072 239 4136 ‚mnuno
261 4072 326 4118 latet
360 4074 443 4133 Atque
464 4071 490 4118 id
511 4072 612 4130 quidem
630 4085 660 4118 eo
691 4069 768 4115 tuisse
778 4068 842 4114 Livii
853 4074 971 4123 mentem,
981 4074 1012 4114 ut
1022 4068 1157 4129 significare
1166 4081 1211 4114 vc·

142 4138 237 4185 nentur
247 4137 346 4184 admitti
356 4137 437 4194 debet,
447 4136 515 4196 quod
523 4135 554 4182 Ρ.
566 4135 599 4182 li.
616 4142 660 4183 cut
692 4134 773 4191 luerit,
786 4134 821 4180 its
837 4131 955 4191 potiorem
971 4146 1024 4190 csse
1039 4133 1102 4179 beilo
1112 4145 1209 4194 pacem,

141 4203 232 4250 cnutus
256 4201 367 4262 pauculis
393 4202 480 4247 litteris
507 4200 568 4262 Pop.
591 4201 659 4248 Rom
691 4197 885 4244 attameninter
895 4199 1161 4257 momumento.

141 4267 245 4314 urinae
255 4266 330 4326 vulgo
341 4267 458 4312 nolebant.
562 4283 566 4290 ·
725 4261 983 4321 nonnumquam
999 4259 1209 4323 uomntAlctdcm]

176 4331 209 4379 63
225 4331 282 4378 ctu
303 4329 415 4392 cogitare]
432 4330 493 4376 -lies
511 4331 573 4376 duos
590 4341 661 4377 voces
692 4327 825 4374 Probabilis
835 4328 931 4374 videtur
941 4327 1050 4374 'i'urnebi
1061 4325 1210 4390 conjecture,

145 4393 227 4458 adjicit
239 4395 352 4456 Sigonius
363 4395 482 4454 explendo
493 4396 584 4442 sensui
694 4393 737 4454 qui
748 4393 807 4456 tegit
818 4391 974 4447 Alcidemon,
983 4391 1008 4440 id
1018 4397 1067 4453 est,
1077 4393 1160 4455 popuii
1170 4404 1211 4439 so·
