3056 4976
350 231 437 288 cxviii
685 230 714 290 J.
742 229 814 289 ΡΒ.
846 223 1103 290 GRONOVII

352 391 478 458 Punico
493 387 632 460 meando
650 388 819 480 Cynosura
829 389 925 459 'nobis
939 388 1000 458 fnit
1014 393 1105 472 liber,
1122 413 1185 480 quo
1200 391 1241 457 da
1255 389 1330 456 Tito
1344 389 1428 455 Livio

349 477 430 544 nihil
447 501 506 544 neo
526 479 688 564 antiquius
702 501 761 545 nec
776 483 915 545 sanctius
930 475 1069 564 'Eumpa
1091 475 1237 557 custodit,
1260 477 1427 563 majusculis

349 566 474 648 litteris,
483 580 514 630 et
523 564 617 652 plunc
627 561 773 652 qualibus
785 567 888 631 clarus
898 565 951 630 ille
963 567 1166 632 Florentinus
1177 587 1217 630 ex
1231 565 1343 630 Pisano
1354 564 1427 628 Pau·

349 651 465 729 dectes,
481 665 637 740 exaratus.
677 653 743 718 Hic
757 653 842 717 solue
856 653 1024 740 largiorem
1042 654 1328 729 bonarum-rerum,
1343 669 1427 736 quam

348 738 501 825 quicquid
515 752 562 803 est
572 739 777 825 reliquorum,
791 763 857 805 sese
868 741 959 828 nubis
974 741 1138 825 praestitit:
1161 754 1193 804 et
1207 735 1280 802 inde
1285 736 1427 824 judicium

250 862 254 876 ·
348 825 539 904 faciendum,
556 839 710 911 quantum
726 849 790 891 nou
806 827 839 890 in
857 827 950 891 Livio
965 841 1099 904 tantum,
1115 825 1169 890 sed
1185 825 1217 889 in
1232 824 1301 889 aliis
1315 843 1429 910 quoque

349 913 459 998 priscis
474 912 656 976 auctoribus
671 913 899 978 restituendum
915 927 1021 989 restet,
1038 914 1062 976 si
1078 913 1118 977 ad
1135 911 1212 976 illud
1227 933 1328 975 aarum
1343 907 1428 994 preti-

351 1021 468 1086 umque
481 998 606 1064 oodices
622 1000 852 1066 nanciscamur.
883 999 952 1064 Etsi
966 1013 1069 1064 autem
1083 999 1217 1064 sollicita
1229 1019 1305 1062 cura
1318 993 1428 1058 nullum

350 1085 470 1170 apicem
494 1101 559 1149 tam
576 1085 652 1149 fidae
665 1109 872 1172 ¹manusrnon
895 1100 1094 1172 persecutum
1110 1109 1175 1150 esse
1193 1105 1241 1148 me
1264 1081 1428 1156 credebam,

350 1187 464 1246 tamen,
475 1171 548 1258 qnia
559 1183 682 1236 tantum
697 1175 728 1236 in
741 1195 805 1241 uno
815 1173 857 1238 ad
868 1175 977 1236 omnia
986 1173 1137 1237 momenti
1149 1185 1226 1250 erat,
1237 1170 1353 1234 diffisus
1363 1187 1430 1230 ocu·

349 1259 388 1324 lis
399 1261 486 1335 meis,
503 1281 522 1322 a
538 1255 589 1323 ct.
607 1259 772 1343 Salmone,
788 1276 823 1324 ut
839 1259 920 1336 libri,
937 1259 969 1322 in
985 1261 1073 1350 cujus
1089 1260 1263 1345 marginem
1278 1254 1428 1340 plerasque

349 1345 483 1410 minoris
495 1345 766 1430 ponderisvarias,
779 1368 852 1410 cum
864 1345 991 1422 chartis,
1005 1341 1037 1409 in
1050 1369 1128 1432 quas
1140 1343 1326 1430 insigniores
1335 1359 1429 1405 emen·

350 1432 494 1496 dationes
506 1430 664 1508 retulerat,
677 1453 774 1519 quum
791 1431 872 1497 forte
886 1434 919 1496 iu
935 1432 1095 1519 colloquio
1109 1430 1305 1506 ostendisset,
1316 1425 1428 1511 copiam

350 1517 430 1581 mihi
446 1517 574 1594 faceret,
589 1517 674 1582 haud
692 1521 847 1606 gravatim
869 1519 1046 1604 impetrari.
1090 1516 1277 1583 Alexander
1298 1511 1429 1579 Petreius

353 1603 446 1690 Pauli
463 1605 499 1668 F.
516 1603 653 1672 Claudio
667 1606 816 1671 Sarravio
828 1605 955 1692 porario
969 1605 1061 1683 duos,
1076 1625 1175 1670 unum
1188 1612 1390 1690 pervetustum
1403 1607 1429 1659 et

253 1737 255 1748 .
350 1691 401 1754 isti
418 1690 606 1779 primigenio
620 1687 763 1779 fideliter,
779 1705 815 1757 ut
828 1692 1014 1778 plurimum,
1035 1691 1261 1766 adhaerentem,
1276 1699 1329 1752 aut
1342 1685 1382 1749 sic
1394 1681 1428 1746 ab

351 1799 390 1841 eo
404 1777 633 1855 deflectentem,
654 1792 689 1844 ut
703 1801 798 1843 causa
819 1793 981 1864 appareat,
1004 1777 1139 1843 alterum
1162 1779 1258 1842 etiam
1273 1795 1335 1839 non
1350 1770 1429 1834 mala

350 1879 455 1940 notan
471 1864 586 1929 Ismael
597 1863 776 1930 Bullialdus
787 1887 828 1930 ex
835 1865 1027 1930 bibliotheca
1036 1865 1133 1952 regia,
1142 1859 1303 1930 Glandius
1313 1857 1429 1924 Menar-

351 1951 411 2013 dus
429 1950 575 2020 Andibus
590 1972 682 2015 suum
706 1952 858 2039 singulos,
874 1971 938 2016 non
954 1951 1048 2016 nimis
1069 1951 1198 2038 quidem
1219 1949 1371 2034 antiquos,
1385 1939 1429 2006 sed

350 2034 456 2110 tamon
466 2055 530 2101 non
540 2038 743 2122 spernendos,
755 2039 830 2125 quia
838 2061 879 2104 ex
887 2037 1029 2124 probatis
1037 2037 1215 2115 translatos,
1226 2035 1428 2123 praebuerunt:

350 2145 390 2187 ex
406 2123 521 2210 quibus
533 2135 596 2188 tres
607 2124 734 2204 solidos,
746 2126 906 2191 meliorem
924 2124 1143 2200 Petariauum,
1156 2124 1232 2212 quia
1243 2120 1338 2188 serius
1351 2133 1430 2181 nosse

255 2253 259 2258 ι
352 2229 522 2294 coeperam,
537 2210 733 2297 aliquamdiu
754 2220 954 2298 perpetuum,
977 2210 1093 2275 deinde
1113 2207 1334 2276 illustrioribus
1353 2200 1428 2276 locis,

352 2297 493 2361 adhibui.
539 2296 628 2362 ldem
651 2300 683 2363 in
705 2299 923 2383 compluribus
947 2295 1139 2362 Florentinis
1154 2311 1187 2362 et
1202 2285 1430 2386 Barbarinuh·

354 2383 519 2448 Holstcnii
534 2385 620 2468 apud
642 2385 845 2450 Cardinalem
870 2385 1072 2450 Franciscum
1096 2384 1211 2468 gratia,
1226 2403 1284 2470 per
1297 2393 1431 2464 tempout
1496 2441 1497 2452 ,

353 2471 513 2559 angustias
529 2470 607 2533 mibi
624 2472 736 2536 Romoe
746 2471 847 2538 licuit.
876 2472 1048 2537 Accessere
1061 2470 1264 2557 interipsum
1274 2488 1353 2554 opus
1367 2463 1432 2526 Vos·

353 2559 458 2621 sionna
473 2572 505 2620 et
521 2557 621 2621 Gudii
636 2580 718 2623 unus
739 2559 873 2646 integer,
896 2559 1025 2623 alterius
1048 2579 1158 2642 paucae
1180 2556 1308 2626 schedae
1328 2545 1431 2638 opifici,

354 2648 407 2729 qni
423 2665 547 2707 sorores
561 2665 669 2706 earum
682 2644 748 2728 jam
764 2657 961 2730 corruperat,
976 2645 1032 2709 vix
1046 2645 1149 2730 pretio
1164 2644 1338 2709 subductae.
1379 2633 1432 2699 Ρθῐ

354 2731 499 2794 eumdem
512 2729 671 2796 nonnullis
681 2753 698 2792 e
710 2729 966 2794 Florentinorum
977 2733 1143 2816 praecipuo
1152 2731 1184 2794 in
1198 2721 1432 2809 Addendis¹hu

353 2817 405 2902 jus
415 2816 494 2879 tomi
504 2814 638 2879 frueris..
652 2814 734 2880 Belli
746 2815 948 2882 Macedonici
959 2817 1055 2902 primi
1063 2831 1095 2883 et
1107 2818 1241 2883 Asiatici
1250 2837 1320 2882 cum
1332 2806 1432 2878 Aulio·

341 2901 418 2966 ¹cho
432 2900 626 2986 exemplaria
636 2901 754 2987 scripta
764 2925 806 2967 ex
819 2904 1006 2981 Barberina,
1019 2904 1179 2969 Gabrielis
1191 2900 1340 2982 Naudoei‚
1354 2895 1433 2992 Pata·

355 2989 462 3066 viana,
473 2987 636 3065 Vossiano,
648 2986 723 3073 (hoc
732 2988 944 3067 chartaceum,
955 3003 1060 3055 cetera
1070 2993 1179 3054 omnia
1189 3010 1326 3076 quorum
1338 2997 1432 3049 memr-

357 3076 400 3150 ni‚
417 3075 449 3136 in
467 3073 659 3138 membranis
673 3077 775 3156 erant)
792 3075 918 3165 singula
932 3077 1050 3160 accepi,
1066 3090 1097 3142 et
1111 3077 1236 3163 integra
1251 3097 1321 3142 cum
1337 3066 1432 3152 uulgu-
1494 3135 1495 3138 ,

356 3161 396 3224 tis
406 3160 520 3262 relegi:
539 3159 741 3244 Oxoniensis,
754 3163 941 3242 Florentini,
951 3176 983 3228 et
993 3164 1133 3228 Venetus
1142 3164 1280 3229 coenobii
1292 3163 1333 3226 D.
1344 3156 1433 3250 Autu-

356 3247 402 3309 nii
418 3251 520 3333 (cujus
533 3245 654 3312 aditum
667 3248 735 3313 Jac.
749 3249 917 3335 Philippus
929 3249 1144 3315 Thomasinus
1155 3250 1234 3317 mihi
1249 3243 1372 3324 fecerat)
1385 3236 1433 3302 ah-

356 3331 472 3418 quibus
485 3332 563 3398 locis
577 3335 711 3400 consulti
734 3337 922 3402 servierunt:
948 3337 1002 3402 sed
1017 3336 1049 3400 in
1066 3336 1155 3401 nullo
1170 3335 1243 3422 plus
1263 3330 1432 3399 habebatur,
1469 3388 1471 3394 ,

356 3441 451 3506 quarn
466 3419 499 3484 in
515 3421 606 3485 editis
621 3434 695 3486 ante
711 3421 1006 3511 Magontiaccnscm
1021 3421 1117 3488 fuisso
1130 3423 1280 3488 diximus.
1305 3419 1351 3484 Ex
1363 3412 1433 3480 Bus
1493 3491 1494 3494 Ἴ

355 3505 476 3571 lidiano
490 3529 617 3657 guoque
632 3508 670 3572 ad
686 3522 855 3596 utrumque
869 3511 1075 3595 posteriorem
1091 3523 1215 3573 tomum
1232 3499 1433 3594 communiet}-

356 3593 402 3656 vit
417 3615 489 3679 quae
513 3617 563 3658 am
583 3595 760 3660 Rubenius.
806 3595 891 3672 Quae
914 3595 1064 3660 Muretus
1078 3596 1139 3660 alia
1154 3617 1172 3659 e
1187 3593 1344 3659 veteribus
1357 3585 1433 3650 libna

357 3691 476 3758 notata,
487 3680 548 3745 ulia
557 3680 753 3746 divinatione
761 3681 923 3771 colligens,
933 3682 1031 3770 signis
1039 3683 1201 3768 appositis,
1211 3681 1298 3747 unde
1307 3663 1435 3773 digtt0⁵ci

355 3781 494 3850 possent,
507 3766 547 3831 ad
562 3767 768 3848 Sigonianam
778 3768 913 3852 primunr
926 3769 1116 3846 con'ecerat,
1127 3793 1164 3834 ea
1176 3769 1306 3834 Patrum
1317 3769 1434 3828 eoncu-

356 3852 397 3916 tis
410 3853 486 3919 Jesu
502 3874 574 3939 quae
592 3853 706 3917 Romae
720 3867 777 3931 est,
792 3855 962 3920 voluminis
972 3791 1187 3934 dominorum,
1204 3845 1397 3928 humanitatis
1410 3849 1436 3902 el

357 3938 512 4026 singulari
527 3938 632 4002 officio
646 3939 745 4004 Gudii
761 3942 871 4007 debeo.
910 3941 1020 4007 Sedet
1035 3940 1245 4028 Tanaquillus
1262 3938 1361 4004 Faber
1374 3923 1436 4025 Sssl·

358 4025 465 4090 murio
479 4024 653 4090 miniatulis
668 4027 733 4091 suis
743 4027 843 4092 missis
858 4048 972 4092 munus
983 4042 1126 4094 nostrum
1137 4027 1303 4116 insigniter
1312 4023 1436 4089 oruuvll·

392 4203 404 4230 ²
416 4200 476 4249 Quae
494 4201 518 4246 in
536 4201 612 4261 prima
626 4201 730 4250 editione
747 4205 776 4250 ad
792 4205 877 4252 calcem
911 4205 962 4263 ejus
974 4210 1056 4254 curata
1065 4205 1090 4252 in
1102 4205 1180 4265 ipsum
1192 4197 1436 4251 numentanorum

361 4265 488 4312 voluminis
494 4267 589 4314 dederat
595 4268 810 4318 accenderunt.
817 4271 878 4316 Gro-
912 4276 1030 4329 rcrocata,
1043 4277 1068 4319 et
1078 4283 1121 4317 suo
1133 4283 1232 4332 quaque
1243 4267 1326 4318 ordine
1336 4255 1438 4310 eollo⁰⁸l⁸

361 4331 455 4389 novius,
467 4345 494 4378 ee
505 4332 529 4379 iu
539 4332 643 4380 editione
653 4335 710 4382 euni
723 4339 791 4384 1679.
806 4336 878 4382 afilio
911 4341 977 4383 suut.
