3042 4980
139 169 143 182 s
210 203 212 212 '
297 225 352 305 xo
674 225 1016 342 nonnemo

223 430 225 434 ’
297 433 482 516 memorat
498 425 546 504 ab
563 453 610 528 eo
628 427 799 508 clausum
816 430 952 509 fuisse:
968 453 1046 534 qno
1056 439 1175 532 quum
1188 429 1384 530 Angustus

295 563 526 638 magnopere
551 542 784 642 gloriaretur,
805 545 884 646 ipse
909 557 1038 622 tamen
1063 555 1142 622 rem
1167 571 1244 622 uno
1269 547 1386 654 verbo
1492 538 1495 544 ’

295 653 428 752 tangit,
446 657 655 753 gratulatus
681 669 834 738 tantum
851 661 958 737 aetati
982 671 1061 738 sum
1085 687 1207 738 raram
1232 660 1387 760 felicita-

294 776 385 844 tem.
432 769 590 868 Rursus,
614 773 753 850 ubide
779 773 908 875 spoliis
934 775 1067 876 opimis
1084 774 1196 853 Cossi
1221 773 1384 866 disserit,

294 880 321 960 l.
338 877 408 958 lv.
430 907 465 962 c.
483 892 543 965 20.
560 891 694 966 testem
711 889 853 989 allegat
864 889 1077 994 Angustum
1092 887 1282 980 Ooesurern,
1298 901 1385 966 tern-

290 999 436 1102 planam
459 1003 772 1104 muniuminquit,
790 1007 1022 1094 conditores,
1040 1017 1107 1082 ont
1120 1008 1387 1084 restitutorem
1412 1072 1417 1086 ,
1513 1095 1519 1104 ,

294 1115 399 1212 quod
425 1139 541 1214 quam
567 1141 663 1207 vere,
685 1143 800 1218 qnam
827 1144 908 1196 non
933 1119 1129 1196 ambitiose
1157 1110 1300 1198 dictum
1324 1119 1385 1210 sit,

173 1253 175 1256 ·
295 1226 509 1316 testimonio
537 1242 595 1308 est
627 1233 693 1308 illu
720 1233 837 1334 ipsius
866 1234 1031 1333 Augusti
1063 1234 1260 1312 notissima
1287 1257 1385 1310 vox:

293 1367 528 1444 ptumorum
543 1372 581 1424 se
598 1350 797 1448 relinquere
820 1349 962 1444 urbem,
978 1377 1086 1450 quum
1109 1343 1385 1426 lotemtinm'nc-

136 1475 276 1536 Sumus·
294 1461 455 1558 cepisset.
479 1459 565 1534 Jam
579 1485 666 1540 vero
683 1462 723 1539 in
739 1464 927 1540 nouanda
942 1463 1079 1562 insigni
1094 1462 1160 1539 illa
1176 1464 1227 1540 de
1238 1462 1386 1540 Asdm·

135 1539 381 1652 iiiiivrnbale
398 1573 552 1652 victoria
569 1603 682 1675 quam
696 1577 825 1656 Livius
840 1588 880 1654 et
893 1579 998 1658 Nero
1014 1561 1261 1676 reportavere,
1270 1600 1386 1678 quam

135 1669 182 1714 '¹¹¹’
193 1668 275 1716 lm·
297 1689 398 1765 bella
413 1715 497 1768 sese
513 1693 696 1792 scriptori,
708 1704 840 1773 nostro
857 1691 1041 1770 materies
1064 1693 1244 1770 offerebat
1258 1691 1386 1770 deme-

297 1805 426 1882 renda
453 1807 571 1883 Lirim
603 1808 767 1907 Augusti
799 1807 938 1899 uxoris,
971 1833 1056 1910 quae
1090 1806 1143 1883 ad
1173 1805 1332 1884 alterum
1364 1827 1387 1880 e
1518 1817 1520 1840 ³

297 1918 501 1996 victoribus
534 1921 712 2020 originem
743 1923 942 2014 referebat,
972 1921 1013 1998 in
1046 1920 1197 1998 alterius
1231 1922 1388 1998 domum

297 2034 419 2109 fuerat
443 2036 661 2134 adoptatat·
675 2061 789 2138 quam
815 2037 926 2114 facile
951 2036 1001 2113 ibi
1029 2061 1113 2114 sese
1130 2038 1278 2134 jactare
1302 2047 1385 2134 pot·
1518 2025 1520 2032 ’

297 2157 377 2222 erat
393 2149 587 2226 adulatio?
612 2149 744 2227 Livius
760 2175 848 2228 rem
865 2151 1019 2252 quidem
1043 2151 1165 2251 ipsam
1181 2160 1325 2239 ornate,
1343 2158 1388 2256 ut

297 2287 369 2362 par
392 2277 484 2354 erat,
504 2264 778 2366 magnificeque
802 2257 1003 2359 describit3
1028 2266 1068 2342 in
1093 2266 1253 2342 victores
1281 2265 1387 2362 ipsos

297 2377 414 2476 plena
430 2403 542 2456 manu
555 2381 702 2458 laudes
718 2378 908 2461 cumulat:
935 2381 985 2456 de
1001 2405 1130 2459 eorum
1147 2378 1319 2481 posteris,
1337 2379 1387 2456 de

296 2493 417 2584 Livia,
432 2493 601 2584 Tiberio,
619 2495 760 2585 Druso,
779 2521 827 2572 ne
843 2495 1039 2586 verbulum
1055 2495 1220 2594 quidem,
1325 2491 1330 2500 ’

347 2607 502 2705 Verum,
513 2609 689 2708 quoniam
703 2635 782 2685 non
799 2610 1056 2688 laudationem
1069 2608 1164 2684 Livii
1180 2606 1386 2704 quamdam

297 2745 534 2814 exornamus,
553 2723 620 2798 sed
645 2724 762 2822 ipsius
783 2723 985 2820 imaginem
1008 2723 1086 2800 suis
1105 2726 1322 2820 expressam
1342 2719 1387 2796 li·
1446 2753 1449 2758 ·
1516 2745 1519 2754 ·

296 2835 505 2914 neamentis
538 2863 720 2914 conamur
750 2839 935 2934 effingere,
961 2838 1068 2914 fateri
1101 2833 1270 2934 cogimur
1302 2834 1387 2931 ejus

137 2973 266 3021 Amores
298 2954 426 3042 fidem,
439 2978 523 3052 quae
537 2953 716 3031 adversus
727 2953 884 3052 gratiam
897 2945 1147 3052 potentiorum
1159 2951 1388 3026 inconcussa
1518 3013 1519 3020 ,

136 3039 282 3152 iim
298 3069 412 3157 stetit,
430 3093 557 3145 amore
571 3069 702 3168 patriae
720 3067 918 3168 aliquoties
934 3059 1342 3144 fuisse'labefactatam.

348 3180 525 3283 Inprimis
548 3185 662 3284 igitur
682 3186 820 3287 ubique
844 3185 946 3284 apud
971 3193 1142 3260 nortmm
1158 3203 1243 3258 sese
1258 3179 1388 3279 prodit
1519 3238 1521 3247 κ

136 3297 413 3426 muenimia
424 3301 599 3401 quadam
613 3301 797 3378 Romana
811 3296 1076 3400 magnitudinis
1093 3293 1303 3390 admiratio,
1314 3319 1387 3372 nec

136 3393 284 3506 witin.
297 3414 388 3492 satis
405 3425 519 3491 cauta
538 3441 693 3516 semper
715 3426 780 3492 aut
802 3415 988 3504 consulta,
1003 3439 1088 3511 qne
1105 3421 1145 3490 et
1168 3409 1242 3511 ipsi
1266 3408 1386 3488 inscio

135 3507 457 3619 &minumae
488 3541 526 3606 et
556 3531 783 3632 imprudenti
816 3533 944 3608 fucum
976 3527 1120 3606 lecerit.
1172 3528 1305 3628 ltaque
1336 3525 1387 3604 de

297 3645 425 3722 Roma
440 3646 544 3722 tenui
561 3648 686 3724 adhuc
699 3658 737 3724 et
752 3671 839 3724 cum
857 3644 1022 3724 finitimis
1039 3645 1266 3722 colluctante
1282 3664 1387 3740 mag-

295 3762 405 3838 nifice
425 3773 552 3838 tamen
574 3763 763 3840 interdum
787 3762 964 3862 loquitur.
1015 3759 1107 3863 Spes
1128 3762 1249 3853 unico,
1263 3755 1388 3856 inquit

295 3877 360 3956 lib.
372 3875 447 3956 ΙΙΙ.
459 3903 545 3977 cap.
560 3883 621 3956 26.
640 3880 787 3980 imperii
795 3879 928 3980 populi
945 3875 1112 3954 Rotnani
1128 3874 1180 3950 L.
1197 3873 1385 3960 Quintiur.

296 3993 521 4092 Emphatice
537 3994 694 4070 dictum.
732 3995 790 4071 At
804 4003 895 4070 tunc
913 3994 1059 4095 impedi
1068 3991 1201 4092 populi
1218 3987 1399 4066 Romam·

168 4145 171 4152 ·
296 4108 391 4184 fines
403 4111 573 4192 noudum
586 4109 636 4186 ad
649 4109 869 4186 vicesimum
881 4109 1040 4185 tortasse
1052 4104 1101 4181 ab
1114 4106 1205 4180 nrbe
1217 4102 1387 4203 lapidem

135 4223 459 4330 niv.anpromoti
481 4225 641 4304 luerunt.
694 4225 733 4302 N
736 4250 780 4302 ec
797 4222 925 4302 multis
941 4219 1048 4298 annis
1073 4228 1163 4338 post
1179 4216 1386 4307 Canuleius
