3154 4984
502 173 592 234 LIB.
614 173 729 234 XLIV.
753 173 851 234 CAP.
873 174 940 236 XL.
1203 177 1255 238 161

183 331 592 404 numerumnunerum
615 339 693 404 unde
712 339 756 405 ud
768 359 906 425 pugnum
920 339 1047 417 exirent,
1063 359 1123 425 quo
1136 339 1333 426 iactation
1346 363 1403 412 ses

183 426 361 501 tempestate
371 436 642 510 pugnareceptum
653 423 809 492 haberent.
823 428 903 504 ideo,
915 447 1007 512 quum
1017 428 1294 497 munimentiscaA·
1305 431 1332 478 0·
1347 430 1401 478 ¹⁶⁸*

180 499 375 604 ”sepissent
386 511 529 592 prasidio
549 534 667 598 quoque
684 509 788 578 ualido
797 512 989 593 firmabant·
1013 515 1105 599 quod,
1121 517 1174 601 qui
1188 539 1255 582 cas-

181 598 238 654 tres
250 604 357 658 essenus
371 608 447 676 erat,
463 599 581 664 etiamsi
593 602 760 684 pugnando
775 601 841 664 acie
855 601 981 676 uicisset,
994 622 1051 682 pro
1065 601 1144 668 uicto
1159 604 1253 668 habe·

181 687 275 744 retur.
299 691 400 746 castra
414 694 485 750 sunt
496 687 599 752 uictori
611 687 841 768 receptaculum,
856 688 932 752 uicto
944 687 1127 772 perjicgium.
1153 688 1254 764 Quum

181 764 270 829 multi
298 771 453 848 erneisus,
476 773 581 855 quibus
603 773 702 838 minus
725 795 871 857 prospera
894 795 1007 858 pugna
1021 771 1153 855 fortuna
1168 777 1253 860 fruit,

179 849 264 916 intro
286 855 399 920 uallum
421 860 576 940 comperiri,
593 869 727 942 tempore
750 881 813 937 uso,
833 861 985 924 interdum
1010 873 1155 926 momento
1175 876 1252 945 past,

180 939 338 1020 eruptione
350 941 455 1023 saeta,
469 946 608 1010 uictorem
629 948 745 1012 hostem
758 943 961 1030 pepulerunt?
979 947 1083 1028 patria
1097 948 1196 1014 adera
1210 962 1255 1017 est

181 1026 324 1092 militaris
335 1029 400 1094 iure
413 1034 508 1109 sedes,
525 1033 697 1117 vallumque
710 1055 765 1115 pro
779 1034 933 1114 nranibus,
950 1044 980 1098 et
995 1033 1152 1100 tentorium
1166 1059 1252 1102 surm

180 1114 287 1199 cuique
302 1116 393 1180 nuiliti
413 1119 520 1182 domus
541 1139 578 1184 oc
596 1130 724 1201 penates
747 1131 822 1185 suni.
868 1121 939 1185 Sine
952 1121 1017 1185 ulla
1030 1123 1102 1184 sede
1115 1125 1190 1207 uagi
1205 1126 1252 1186 di-

179 1201 381 1281 micossernus,
396 1202 465 1267 ²³ut
479 1227 538 1289 quo
551 1206 676 1270 uictores
689 1228 743 1270 uos
753 1209 978 1288 reciperemus?
1013 1207 1077 1272 His
1087 1207 1252 1296 difficulta-

179 1287 259 1354 tibus
272 1299 303 1352 et
316 1292 526 1372 inpedimentis
540 1306 652 1378 pugna
665 1293 742 1356 iliud
752 1293 931 1376 adponitur.-
957 1292 1041 1370 Quid
1053 1294 1081 1358 si
1096 1296 1185 1360 hostis
1195 1297 1253 1360 isac

176 1375 349 1458 interpositu
364 1389 451 1442 nocte
464 1380 585 1456 abisset,
601 1390 750 1464 quantum
763 1401 865 1445 mersus
877 1382 1025 1464 sequendo
1039 1402 1075 1444 eo
1087 1383 1206 1462 penitus
1220 1385 1254 1448 in

177 1462 319 1527 ultimam
331 1464 548 1530 Macedoniam
563 1467 803 1531 euhourieudum
815 1466 928 1532 laboris
938 1471 1032 1532 erat?
1055 1469 1129 1552 Ego
1141 1480 1250 1548 nutem,

179 1571 274 1634 neque
287 1572 463 1616 mansurum
477 1573 557 1632 enm,
572 1574 666 1637 neque
680 1555 711 1616 in
727 1555 821 1617 aciem
832 1554 935 1636 copias
949 1556 1124 1618 educturum
1137 1553 1251 1637 fuisse,

180 1647 294 1700 certum
309 1639 413 1714 trabea,
428 1638 455 1701 si
471 1641 575 1704 cedere
601 1641 672 1704 hine
696 1641 862 1706 statuisset.
891 1651 1005 1724 quanto
1031 1642 1105 1706 enim
1123 1639 1252 1723 faciiius

179 1721 346 1805 autrefois,
361 1747 452 1810 quum
466 1728 571 1807 prouti
584 1729 764 1804 adessemus,
780 1749 872 1812 quam
893 1749 980 1804 nuno,
995 1749 1084 1812 quum
1106 1729 1139 1792 in
1158 1731 1252 1796 curri-

179 1811 264 1874 eibus
285 1817 406 1876 murts?
431 1812 500 1876 Nec
515 1811 644 1895 falleret
654 1835 718 1892 nos,
732 1836 786 1878 nee
796 1815 929 1878 interdiu
940 1836 996 1878 nec
1007 1825 1092 1880 nocte
1103 1816 1251 1882 abeundo.

182 1899 264 1972 Quid
284 1909 388 1962 autem
410 1909 455 1962 est
476 1901 562 1964 nobis
582 1901 722 1982 optatiru,
736 1923 827 1986 ipram
841 1911 886 1980 ut,
902 1923 1026 1985 quorum
1047 1913 1159 1982 costra,
1173 1925 1253 1986 prce·

179 1985 244 2048 alta
244 1986 390 2072 fluminis
403 1986 472 2068 ripa
486 1996 564 2067 tuta,
579 1988 661 2052 unito
678 1988 799 2068 iusuper
817 1997 904 2070 septa
924 2009 960 2052 ac
982 1988 1092 2053 crebris
1111 1991 1250 2069 turribus,

177 2073 353 2158 obpugnare
367 2073 470 2138 adorti
483 2094 593 2150 sumus,
610 2095 669 2151 eos,
686 2073 797 2139 relictis
808 2075 1008 2151 munimentis,
1019 2074 1143 2159 agmine
1153 2074 1252 2163 effuso

178 2160 333 2236 abeuntes,
360 2161 393 2224 in
419 2161 593 2241 putentibus
616 2161 731 2242 campis
759 2163 798 2224 ab
821 2172 910 2246 tergo
938 2161 1139 2225 adoriamur?
1185 2165 1252 2227 Hae

180 2247 287 2310 diiatee
311 2268 425 2332 pugnae
450 2268 488 2310 eu
514 2246 650 2310 hesterno
671 2247 721 2309 die
734 2248 765 2310 in
780 2248 953 2312 hodiernum
979 2267 1095 2311 caussa
1107 2246 1251 2330 suerunt.

176 2334 327 2420 Pugnare
341 2334 417 2398 entim
434 2343 465 2398 et
478 2332 538 2415 ipsi
559 2334 636 2397 miiti
654 2334 755 2414 piacet
763 2367 775 2405 ,·
793 2344 830 2396 et
845 2334 922 2408 ideo,
935 2334 1008 2416 quia
1031 2355 1085 2413 per
1100 2335 1252 2416 Enipeum

177 2429 402 2504 amnens·septa
423 2421 467 2484 ad
488 2421 603 2484 hostem
625 2420 674 2483 uia
697 2429 773 2496 erat,
791 2420 852 2484 aiio
873 2419 964 2495 saitis,
981 2417 1104 2503 dejectis
1127 2423 1253 2486 bostium

16 2475 17 2484 i
52 2561 55 2568 .
172 2507 337 2590 presidiis,
352 2528 461 2574 nouum
482 2508 539 2572 iter
562 2507 686 2588 aperni3
709 2525 806 2592 neque
826 2506 923 2588 prius,
939 2527 1033 2591 quam
1055 2508 1251 2586 debellavero,

177 2595 338 2660 obsistam.

199 2713 202 2720 =
222 2680 301 2747 XL.
326 2681 405 2747 Post
418 2681 503 2747 hunc
517 2682 694 2747 orationem
716 2681 875 2748 silentium
896 2679 967 2758 fuit,
982 2682 1098 2766 purtim
1124 2681 1252 2746 tradua-

177 2767 218 2832 tis
232 2769 267 2832 in
289 2769 476 2836 sententiam
498 2770 576 2857 ejus,
592 2770 708 2854 purtim
725 2770 906 2834 verentibus
920 2767 1134 2855 nequidquam
1151 2769 1251 2832 offen·

104 2873 122 2902 r
176 2855 254 2920 dere
275 2856 309 2920 in
333 2878 382 2931 eo,
403 2857 501 2943 quod,
525 2870 698 2942 utcumque
722 2857 984 2942 praetermissum,
1009 2857 1152 2935 revocari
1183 2878 1248 2920 non

176 2954 295 3026 posset.
313 2975 316 2984 ’
332 2941 419 3008 ²⁴Ac
434 2965 475 3008 ne
489 2943 544 3008 ilio
559 2944 629 3028 ipso
644 2943 772 3030 quidem
790 2942 853 3020 die,
869 2955 926 3007 out
940 2942 1081 3022 consule,
1094 2955 1149 3008 sut
1163 2965 1249 3032 rege,

177 3036 297 3118 (rege⁸,
313 3029 400 3117 quod
414 3051 474 3095 nec
489 3028 594 3107 fessos,
611 3043 647 3094 ut
667 3031 784 3115 pridie,
800 3052 841 3094 ex
856 3030 917 3107 vio,
933 3052 1036 3115 noque
1056 3029 1251 3114 trepidantes

173 3119 208 3182 iu
225 3117 293 3184 soie
315 3116 502 3182 instruenda
515 3128 548 3181 et
562 3115 695 3180 vixdum
722 3117 918 3200 compositos
941 3116 1149 3204 adgressurus
1164 3131 1250 3193 erut;

174 3205 315 3284 consule,
328 3202 415 3292 quod
429 3204 464 3268 in
478 3203 569 3268 novis
591 3203 702 3267 castris
724 3225 787 3267 non
803 3202 903 3290 ligne,
915 3224 980 3266 nou
995 3203 1150 3288 pabulum
1174 3225 1251 3267 cona

174 3305 298 3356 vectum
325 3303 404 3368 erut,
420 3289 463 3355 od
487 3312 559 3376 quae
585 3288 724 3376 petenda
746 3312 787 3354 ex
813 3289 1002 3377 propinquis
1025 3292 1110 3378 egris
1134 3313 1252 3377 magno

174 3399 250 3462 puts
263 3376 401 3444 militum
416 3399 435 3444 e
449 3376 559 3442 castris
579 3377 711 3460 exierat)
726 3388 842 3442 neutro
864 3378 1094 3460 imperatorum
1110 3381 1250 3457 volente,

176 3465 331 3544 Fortuna,
347 3487 420 3553 quae
434 3463 508 3552 plus
521 3463 662 3529 consiliis
676 3463 825 3529 humanis
844 3462 954 3548 pollet,
971 3465 1134 3528 contraxit
1149 3481 1389 3537 certa-certamen

427 3609 527 3654 eursum
537 3606 794 3668 rccemregeuneinis
805 3603 910 3652 includit
920 3602 993 3652 Creu.
1258 3567 1382 3668 iiiiiiiiiirn

207 3726 239 3776 22
248 3723 378 3790 Septreem]
389 3725 462 3786 Legit
468 3725 606 3772 Gronovius
613 3725 696 3785 repn'r·
729 3724 829 3780 eonrulc,
848 3725 956 3782 outrage
967 3751 974 3766 .
986 3751 994 3766 .
1006 3752 1013 3768 .
1025 3721 1122 3778 munte,
1139 3723 1251 3773 Fortuna

172 3799 233 3842 erut.
267 3791 315 3840 Sed
330 3790 493 3848 Gremnutiei
510 3792 601 3851 arepto
619 3790 696 3836 dedu·
728 3791 849 3837 contrusit
864 3790 986 3835 certarum·
1000 3786 1084 3834 Medis
1098 3792 1252 3849 parenthesis

173 3865 234 3906 eunt
244 3859 321 3915 sepiri
330 3863 355 3904 et
365 3857 435 3916 sepsi.
728 3855 838 3915 exponit,
849 3861 894 3900 eur
910 3859 997 3898 neuter
1013 3851 1190 3912 imperatorum
1202 3857 1251 3903 vei·

181 3923 240 3975 ,28
258 3920 346 3983 thue
362 3923 461 3968 vietam
470 3920 524 3983 nus]
542 3921 583 3968 Sic
593 3933 667 3980 supra
678 3921 694 3968 1.
728 3921 762 3966 iet
779 3917 891 3980 pugnari.
922 3918 1032 3964 tuntum
1049 3919 1186 3964 observabit
1203 3921 1253 3968 lec.

173 3985 265 4036 xine.
278 3987 317 4036 ts.
328 3985 450 4048 atquibus
459 3986 515 4032 attis
530 3984 698 4032 deiudesm
729 3992 778 4042 tor,
794 3985 827 4029 ob
845 3982 981 4043 longiorem
1004 3983 1171 4040 parenthesin,
1195 3999 1252 4045 quae

172 4041 357 4113 meraritarum
392 4053 459 4099 omni
485 4050 567 4098 cosme
596 4053 697 4098 muntem
729 4049 853 4096 dividebat
870 4046 976 4093 nimium
988 4044 1121 4094 rimemic
1138 4051 1180 4094 aut
1196 4063 1253 4112 rege

299 4116 313 4165 2
729 4115 760 4160 eb
771 4113 866 4166 uolnste,
878 4117 990 4158 eoactum
1006 4124 1058 4157 esse
1070 4111 1169 4158 Livium
1187 4115 1252 4163 inse-

206 4182 240 4230 ts
255 4181 293 4229 Ac
313 4197 343 4231 ne
364 4183 404 4231 iilo
420 4183 472 4244 ipso
491 4179 584 4242 quidem
598 4179 636 4226 die
653 4183 697 4226 aut
728 4192 782 4225 rere
809 4180 891 4222 neutro
912 4177 1087 4234 imporatorum·
1130 4177 1253 4240 Exempto

171 4247 272 4303 menie,
285 4252 328 4295 aut
337 4261 401 4311 rege,
410 4247 488 4314 μμ]
500 4246 624 4294 Posterius
634 4245 696 4291 iilud
728 4240 923 4290 similiuhtbeei.
931 4240 961 4286 V·
970 4254 991 4286 o.
999 4240 1200 4291 tuxxxvtil.
1209 4247 1250 4296 ⁵3.

171 4309 327 4376 wedjecit
337 4313 483 4362 Gronovius.
516 4312 607 4359 Sensus
617 4311 697 4357 clarus
730 4314 777 4354 etc.

172 4382 228 4423 este
263 4376 302 4424 Ae
319 4392 350 4424 ue
367 4379 467 4440 diotpro
484 4377 575 4440 miden
597 4375 635 4422 die
655 4378 697 4422 aut

216 4459 292 4506 VOL.
309 4461 354 4507 iv.
772 4455 800 4498 Μ
