3056 4976
324 237 361 290 48
710 225 984 292 T1T1L1v'11

65 447 67 453 .
162 398 297 486 ⁰·9580·
322 395 448 461 toritate
468 405 500 460 et
518 395 631 480 opibus
646 393 858 476 Delphorum.
901 394 983 459 Satis
998 393 1170 473 constabat,
1189 391 1374 474 Eumenem,

160 465 229 513 Μ’·
243 469 296 515 ¹⁷³*
322 496 358 560 ut
372 480 561 547 sacrificaret
576 480 730 564 Apollini,
746 479 891 564 Delphos
916 484 1148 546 adscensurum.
1191 481 1376 568 ⁵¹Progres-

324 568 366 631 si⁰
380 590 452 632 curn
470 567 619 632 Evandro
634 566 839 642 insidiatores,
855 566 938 646 nihil,
949 566 1031 630 aliud
1047 566 1087 630 ad
1100 568 1314 654 peragendum
1328 567 1377 631 in·

323 666 462 739 ceptum,
491 675 584 740 quam
607 652 668 715 loci
690 654 971 736 opportunitatem,
1001 653 1109 718 omnia
1137 653 1377 730 circumeuntes,

323 739 517 825 quaerebant.
561 737 835 804 Adscenduntibus
857 741 896 802 ad
919 738 1070 823 templum
1092 761 1112 803 a
1131 738 1257 817 Cirrha,
1273 741 1378 824 prius-

323 847 416 912 quam
432 826 651 911 perveniretur
665 826 703 888 ad
719 823 892 909 frequentia
907 823 1048 916 aedificiis
1064 825 1142 900 loca,
1158 827 1293 890 maceria
1308 839 1378 890 erat

323 914 364 976 ab
379 911 458 976 laeva
471 911 590 975 semitae
609 909 749 994 paullum
764 921 889 974 exstans
910 933 929 975 a
942 907 1158 988 fundamento,
1174 934 1238 997 qua
1259 912 1377 997 singuli

323 997 509 1074 transirent;
529 996 641 1061 dextra
655 1017 728 1082 pars
747 994 818 1061 labe
832 1010 925 1060 terrae
940 997 972 1075 in
988 995 1183 1082 aliquantum
1202 998 1378 1062 altitudinis

322 1083 426 1148 diruta
439 1095 515 1148 erat.
537 1096 608 1169 post
624 1081 790 1147 maceriam
807 1104 841 1144 se
855 1081 1055 1157 abdiderunt,
1069 1082 1220 1170 gradibus
1235 1085 1378 1148 adstruc-

322 1169 374 1242 tis,
390 1182 426 1234 ut
440 1191 480 1233 ex
494 1193 541 1246 ea,
557 1168 643 1232 velut
657 1191 675 1232 e
687 1189 788 1242 muro,
805 1167 866 1231 tela
877 1168 910 1230 in
922 1179 1161 1252 praetereuntem
1174 1169 1376 1254 conjicerent.

320 1254 467 1319 ⁶³Primo
489 1279 508 1319 a
530 1255 609 1319 mari
631 1253 818 1319 circumfusa
839 1253 933 1318 turba
954 1255 1126 1318 amicorum
1148 1275 1186 1320 ac
1208 1256 1376 1321 satellitum
1449 1251 1454 1266 '

320 1341 529 1426 procedebat:
566 1340 679 1418 deinde
707 1339 921 1404 extenuabant
948 1339 1109 1424 paullatim
1138 1361 1177 1404 an
1225 1341 1293 1406 stiae
1322 1365 1378 1428 ag·

320 1449 404 1492 men.
444 1427 513 1504 ,Ubi
528 1427 567 1491 ad
590 1438 661 1490 eum
678 1425 781 1490 locum
798 1439 995 1501 ventumst,
1012 1447 1074 1512 qua
1093 1363 1223 1575 sinqalid
1237 1427 1377 1506 eundum

320 1525 399 1593 erat,
413 1513 532 1598 primus
547 1514 687 1577 semitam
710 1512 867 1598 ingressus
883 1511 1053 1576 Pantaleon
1069 1511 1145 1576 AEto
1158 1514 1197 1577 iae
1217 1516 1378 1600 princeps,

320 1620 392 1664 cum
432 1621 472 1662 uo
486 1599 647 1664 institutus
661 1600 727 1684 regi
739 1619 842 1662 sermo
857 1613 934 1662 erat.
965 1597 1050 1662 Turn
1063 1598 1259 1664 insidiatores
1273 1603 1377 1666 exorti

159 1621 481 1750 rumaren-saraiae
502 1685 643 1772 ingentia
665 1683 853 1748 devolvunt:
879 1705 1014 1770 quorum
1037 1683 1137 1768 altero
1158 1697 1253 1769 caput
1275 1685 1374 1751 iatum

158 1757 275 1868 “1:¹¹2ss
293 1823 299 1834 .
320 1783 366 1836 est
388 1774 464 1859 regi,
481 1771 579 1837 altaro
599 1770 783 1836 ⁵⁴humerus
804 1769 933 1854 sopitus.
959 1769 1035 1833 ⁵⁵ex
1056 1771 1167 1834 semita
1187 1772 1318 1855 proclivi
1340 1773 1376 1837 iu

93 1875 97 1878 “
158 1823 440 1933 lm⁰⁵0ss⁹¹⁴¹¹'declive
457 1858 564 1921 multis
585 1879 678 1942 snper
700 1854 878 1941 prolapsum
896 1856 962 1940 jam
978 1856 1063 1920 saxis
1085 1859 1251 1942 congestis,
1267 1870 1299 1922 et
1321 1879 1375 1923 ce·

157 1953 237 1998 munt
286 1993 289 2013 ,
318 1944 378 2008 teri
393 1941 520 2032 quidem
537 1943 630 2007 etiam
647 1943 819 2008 amicorum
835 1954 866 2007 et
881 1942 1059 2024 satellitum,
1076 1956 1242 2028 postquam
1258 1941 1375 2009 caden-

318 2043 382 2094 tem
396 2029 514 2111 videre‚
528 2028 707 2116 diffugiunt,
726 2027 898 2092 Pantaleon
913 2039 1096 2096 constanter
1107 2028 1272 2113 inpavidus
1285 2051 1377 2094 man·

318 2115 358 2182 sit
372 2117 412 2181 ad
427 2116 657 2206 protegendum
673 2138 790 2206 regern.
1041 2114 1044 2124 ’

360 2202 454 2268 xvl.
477 2203 641 2281 Latrones,
657 2225 754 2290 quum
771 2203 856 2267 brevi
871 2203 1037 2268 circumito
1050 2204 1193 2270 maceriae
1205 2203 1375 2270 decurrere

310 2285 356 2352 ad
368 2288 598 2355 conficiendum
610 2290 749 2356 saucium
762 2303 899 2374 possent,
912 2289 996 2354 velut
1006 2289 1144 2374 perfecta
1155 2312 1199 2368 re,
1214 2291 1247 2354 in
1257 2292 1375 2376 jugum

316 2374 469 2441 Parnasil
483 2374 665 2465 refugerunt
679 2399 717 2441 eo
732 2397 836 2454 cursu,
852 2387 898 2453 nt,
914 2397 1013 2460 quum
1036 2391 1118 2441 unus
1132 2397 1197 2442 non
1211 2375 1302 2442 facile
1323 2397 1376 2441 ee·

314 2460 442 2546 quando
462 2485 520 2548 per
540 2463 625 2528 invia
646 2475 741 2549 atque
755 2463 854 2528 ardua
875 2474 1052 2527 moraretur
1065 2460 1172 2550 fugam
1193 2483 1314 2540 eorum,
1330 2483 1377 2528 ne

313 2567 501 2634 comprenso
528 2549 679 2614 indicium
708 2562 877 2622 emanaret,
906 2548 1079 2613 occiderint
1115 2549 1272 2613 comitem.
1295 2561 1297 2567 '
1318 2550 1374 2614 Ad

314 2653 429 2719 corpus
451 2635 534 2720 regis
548 2635 652 2718 primo
666 2635 770 2710 amici,
785 2635 899 2700 deinde
918 2633 1067 2698 satellites
1081 2656 1118 2699 ac
1141 2635 1223 2698 servi
1238 2655 1375 2699 concur·

153 2728 249 2789 Septem
256 2728 307 2806 psl·
316 2733 435 2797 rerunt,
458 2723 603 2786 tollentes
624 2721 762 2806 sopitum
776 2720 905 2784 vulnere
926 2742 963 2784 ac
978 2719 1055 2784 nihil
1071 2721 1268 2788 sentientem.
1313 2721 1373 2784 Vi-

100 2841 102 2848 *
152 2793 283 2904 ξιξξῑθιῑῑ·
314 2827 388 2870 vere
410 2818 515 2870 tamen
536 2827 576 2870 ex
601 2806 705 2870 calore
730 2815 762 2870 et
786 2807 899 2891 spiritu
924 2820 1106 2872 remanente
1128 2807 1161 2870 in
1184 2806 1372 2892 praecordiis

191 2889 198 2904 ’
307 2903 500 2968 senseruut3
518 2890 675 2956 victurum
690 2892 806 2981 exigua
820 2913 857 2956 ac
871 2913 971 2977 prope
982 2891 1069 2956 nulla
1083 2913 1152 2977 spes
1166 2907 1243 2957 erat.
1289 2892 1373 2970 Qui·

312 2976 385 3041 dam
407 2999 448 3041 ex
468 2977 663 3054 satellitibus,
685 2979 782 3042 secuti
804 2977 963 3043 latronum
985 2979 1123 3067 vestigia,
1148 3001 1245 3064 quum
1269 3001 1372 3064 usque

202 3129 206 3144 ,
310 3063 353 3132 ad
368 3065 483 3148 jugum
500 3063 641 3139 Parnasi,
656 3064 772 3149 nequid
796 3085 868 3128 uam
882 3063 937 3128 fati
982 3064 1015 3142 ti,
1031 3063 1254 3149 pervenissent,
1270 3087 1305 3128 ra
1319 3067 1372 3128 in·

311 3147 391 3214 ferta
406 3149 577 3216 redierunt.
614 3149 765 3236 Adgressi
775 3085 899 3216 lacinus
916 3087 1119 3227 hldcedones,
1136 3162 1171 3215 ut
1181 3150 1371 3228 inconsulte,

313 3235 357 3300 ita
380 3235 529 3302 audacter
551 3249 704 3320 coeptum,
729 3257 788 3301 nec
810 3236 953 3301 consulte
978 3249 1009 3300 et
1035 3236 1145 3304 timide
1165 3236 1372 3322 reliquerunt.

199 3340 206 3346 ·
314 3321 503 3408 Compotem
517 3323 587 3406 jaru
603 3322 650 3386 sui
666 3344 770 3410 regem
787 3323 880 3387 amici
893 3337 1020 3471 gontero
1034 3322 1087 3386 die
1100 3319 1245 3387 deferunt
1259 3322 1299 3387 ed
1316 3344 1373 3386 na·

234 3477 238 3500 v
312 3430 402 3472 vem:
425 3405 500 3472 inde
514 3407 724 3473 Corinthum:
747 3432 772 3472 a·
782 3408 895 3473 Corint
919 3429 949 3485 o,
960 3429 1020 3492 per
1035 3407 1146 3472 Isthmi
1157 3410 1270 3495 jugum
1283 3409 1375 3473 n'ari-

142 3503 145 3512 ‘
311 3493 372 3559 bus
383 3493 548 3572 traductis,
560 3493 714 3582 AEginam
729 3493 898 3580 trajiciunt.
943 3493 994 3560 lbi
1009 3493 1092 3558 adeo'
1103 3508 1222 3560 secreta
1235 3495 1301 3580 ejus
1315 3515 1373 3582 eu·

501 3629 662 3693 ‘’Progresss'
672 3629 740 3678 Cres.
871 3631 1178 3680 summationem.

344 3750 375 3791 ts
392 3743 539 3809 Progressa]
571 3745 695 3805 Sequimur
716 3748 825 3794 emeuds·
858 3753 984 3808 censetque
1011 3747 1136 3807 legendum
1160 3747 1240 3807 prs'uso
1267 3748 1373 3808 sgnum

310 3811 400 3859 tionem
413 3811 537 3858 Grouorii.
558 3810 637 3871 Vulgo
646 3813 775 3873 progrms'.
857 3813 927 3860 Nihil
937 3813 1087 3860 mutandum.

345 3883 375 3923 tt
393 3874 590 3939 Parmam]
611 3876 691 3924 Primo
702 3877 758 3932 dum
769 3889 824 3938 pro·
890 3876 1061 3936 serrum
1077 3873 1179 3940 sopitus]
1201 3875 1322 3922 Humerus
1337 3875 1374 3921 its

310 3941 426 3988 oedemnt
441 3941 533 3995 umeri,
545 3941 608 4000 quod
620 3941 730 3989 Cirrham
745 3941 824 3998 uluis,
857 3941 937 3996 elisus,
957 3947 984 3988 ut
1002 3947 1093 3988 motum
1115 3953 1257 3999 sensumque
1275 3938 1371 3987 emitte·

310 4007 429 4053 escensuri
461 4006 577 4067 Delphos.
627 4005 711 4054 Cirrha
741 4011 824 4068 portus
857 4010 901 4053 ret.
1302 4055 1305 4060 ,

310 4071 457 4130 Delphorum
483 4077 528 4118 est.
571 4069 656 4118 Itidem
683 4072 824 4119 Plutarchus
888 4077 919 4120 et
941 4071 986 4118 Ee
1006 4073 1093 4118 semita
1110 4070 1210 4132 procliui
1227 4071 1255 4116 s'ss
1272 4066 1372 4132 Mire]

297 4133 371 4180 'hanc
393 4135 467 4196 ipsam
488 4150 537 4183 rem
556 4137 696 4184 ussaunein
716 4135 777 4185 libro
796 4137 824 4182 de
857 4137 983 4184 Possumus
1006 4136 1100 4196 quidem
1121 4132 1253 4196 explicere:
1286 4135 1371 4182 multis

288 4223 294 4232 ·
309 4199 423 4248 Fraterno
442 4203 539 4260 Amore,
558 4201 641 4249 scribit
659 4201 757 4249 iusidias
775 4203 824 4249 Eu·
856 4212 926 4264 super
941 4201 1072 4250 Eumenem
1091 4202 1226 4262 prolapsum
1245 4199 1296 4258 ism
1313 4213 1375 4247 con·

310 4265 480 4376 wa
497 4266 756 4388 assumat
775 4265 825 4344 ⁸³³⁹
856 4266 1067 4379 “leh““l‘
1080 4265 1378 4379 staurari·

308 4348 325 4375 ss
448 4347 496 4382 ess.
710 4346 737 4378 ro
754 4346 822 4380 orsus
855 4347 886 4378 rr.
977 4346 1008 4378 eu
1047 4347 1069 4378 sc
1131 4346 1138 4378 s
1362 4355 1373 4366 ·

309 4393 374 4442 hsruc
401 4395 461 4442 hirii
485 4392 564 4443 locum
585 4401 719 4458 suspectum
742 4397 823 4455 habet,
855 4393 1272 4457 musrelproels'us’,rellssdeds're.

1507 3791 1513 4159 l
