3042 4980
331 287 333 292 ,
445 175 797 263 consumo.-
1101 173 1177 250 xm

84 390 146 465 otii
178 381 393 480 intumum,
417 408 550 464 srrures
574 378 764 459 interdum
787 377 1000 475 juverim·
1013 375 1177 450 deiectu-

85 506 206 580 tiones
220 499 452 604 praebere,et
467 503 883 584 levamentsourarum3
909 494 1063 569 eosdem
1076 497 1177 577 vero,
1231 507 1233 510 ’

85 621 229 719 siquis,
249 621 314 696 obi
332 643 411 695 rem
428 645 555 717 gerere
567 641 666 716 opos
682 623 750 702 est,
765 612 817 687 iis
832 621 969 699 utatur,
989 619 1029 688 et
1045 631 1180 706 corpo-

84 739 122 828 ri,
139 749 180 814 et
197 737 327 812 animo
338 759 484 832 magna
500 735 631 808 utteme
645 727 927 828 impedimento.
985 753 988 760 ⁴

129 847 426 951 Apud‘Liuium
442 849 574 950 Scipio
590 849 630 924 in
642 839 813 923 oratione
823 843 880 920 od
896 843 1092 921 Allucium
1106 842 1181 919 hoc

88 971 205 1045 modo
222 967 411 1067 loquitor:
435 968 523 1068 quio
537 965 677 1066 ipsu-si
689 965 780 1060 frui
804 962 927 1040 Βουτοῖ
944 963 1029 1036 trado
1045 962 1290 1044 ermioxxvr·
1301 969 1342 1020 δῦ»

81 1087 290 1185 promum
313 1093 413 1160 recto
435 1093 472 1158 ot
496 1071 663 1182 legitimo
678 1101 809 1165 umore,
828 1089 863 1152 et
886 1101 959 1152 nou
981 1075 1184 1175 nummus·
1305 1179 1307 1185 Ι

85 1205 247 1277 orimum
263 1211 427 1276 murm
438 1207 654 1297 occupasset,
666 1195 808 1276 serrium
818 1192 912 1268 miti
923 1193 1008 1268 dori
1018 1212 1187 1290 sponsum

86 1305 435 1417 impensissimo&
444 1315 579 1390 omium
622 1310 713 1409 Ipso
726 1333 810 1384 sese
822 1307 949 1409 prodit
961 1305 1181 1390 similitudo,
1297 1386 1299 1396 ,

86 1433 152 1506 sed
171 1431 331 1505 detorta
347 1427 579 1528 aliquantum
598 1437 635 1501 et
651 1425 827 1500 deflexus
855 1435 897 1500 ut
914 1421 1070 1502 dubium
1098 1443 1185 1499 esse

86 1571 162 1624 non
179 1543 320 1646 possit,
340 1544 433 1643 quin
448 1542 578 1617 Livius
595 1543 675 1616 iraec
692 1541 862 1616 scribens
873 1541 1049 1618 erocum
1065 1539 1185 1640 scrip·

86 1677 206 1739 torem
224 1659 384 1736 intuitus
399 1658 459 1747 sit,
478 1659 544 1734 sed
563 1657 612 1732 ab
629 1673 676 1732 eo
692 1657 859 1756 prudens
870 1665 910 1732 et
920 1656 1049 1752 sciens
1061 1681 1186 1736 reces-

88 1779 186 1871 serit,
204 1788 247 1852 et
264 1775 493 1875 quibusdum
510 1765 662 1850 additis
674 1774 923 1862 lineamentis,
943 1773 1182 1872 quibusdum,

88 1921 171 1993 quse
199 1917 335 1993 purum
352 1893 493 1967 decoro
515 1902 633 1980 erant,
651 1892 690 1966 iu
708 1889 841 1966 meiius
858 1912 905 1964 oc
922 1889 1088 1989 pulcrius
1104 1913 1186 1964 mu-
1246 1951 1249 1964 .

89 2010 186 2099 tutis,
205 2010 377 2106 siquem
405 2008 509 2081 omni
533 2006 647 2081 laude
672 2006 942 2082 cumulandum
968 2019 1186 2106 susceperat

89 2127 167 2200 viro
182 2122 371 2199 mirande
389 2121 623 2201 castimoniae
639 2123 776 2200 furnum
803 2117 943 2198 sartum
969 2134 1186 2221 tectumque

88 2239 252 2316 voluerit
269 2261 451 2313 asserere.
504 2239 599 2322 Quae
624 2237 777 2335 quidem
803 2237 886 2312 iaus
912 2261 1027 2337 quam
1043 2262 1121 2312 non
1138 2234 1194 2313 ex'

87 2355 240 2432 veroin
256 2353 474 2451 Scipionem
492 2355 716 2440 conferatur,
735 2353 948 2430 testimonio
962 2377 1114 2453 quoque
1129 2366 1188 2427 est

85 2455 268 2544 Valerios
293 2469 404 2544 Max.
422 2467 617 2566 quinvl.
638 2493 674 2546 c.
695 2475 730 2542 7.
757 2469 891 2544 laudnt
915 2467 1079 2544 AEmiiiae
1103 2471 1186 2565 ejus

85 2585 220 2662 uxoris
246 2584 463 2661 comitatem
488 2595 526 2658 et
549 2583 779 2682 patientium,
807 2586 1053 2688 quod,·quum
1076 2569 1187 2663 sciret

86 2707 168 2780 vim
178 2727 247 2777 uto
257 2698 470 2778 mmmmm
486 2725 533 2776 ec
543 2704 619 2776 suis
629 2712 781 2801 grutam
795 2725 879 2794 erse,
892 2705 1186 2792 dissimulaverit,

87 2845 131 2896 m
149 2820 366 2894 domitorem
386 2813 501 2892 Orbis
517 2815 762 2916 Africanum·
776 2817 924 2914 semim
948 2813 1189 2920 impudicitia}

87 2960 187 3011 reum
199 2943 344 3034 ageret.
497 2952 500 2962 '
591 2975 594 2984 ·
1161 2966 1164 2976 ·

135 3049 273 3124 Unum
299 3047 427 3123 adhuc
445 3057 626 3122 turncutae
643 3073 668 3122 a
683 3046 793 3125 Livio
819 3037 869 3124 ud
895 3050 1302 3146 gratificandumrenum

90 3165 272 3240 Romano
302 3163 446 3239 nomini
479 3164 702 3240 narrationis
735 3167 952 3265 exemplum
983 3129 1346 3264 subjunge-iiiiii?

87 3305 195 3356 rous:
223 3303 305 3355 non
331 3280 556 3356 criminandi
581 3280 780 3378 prurigine,
800 3304 915 3380 aquo
938 3283 1054 3380 longe
1079 3275 1269 3357 abso-¹⁰⁰¹*

88 3421 185 3490 mos,
202 3395 272 3470 sed
292 3406 334 3472 ut
348 3405 500 3470 nosmet
523 3392 682 3494 impetiti
702 3407 844 3471 temere
861 3397 958 3472 tanti
976 3398 1043 3474 riri
1065 3398 1189 3474 crimi-

90 3537 135 3588 ne
154 3513 404 3606 absolvamus
416 3507 430 3602 ς’
453 3511 564 3586 simui
581 3503 688 3610 quod
706 3536 785 3587 non
802 3514 884 3587 iere
900 3516 1093 3612 negotium
1112 3517 1188 3611 agi-

90 3652 185 3716 mus,
204 3637 274 3704 aut
298 3628 338 3702 in
364 3651 440 3726 quo
456 3627 565 3702 nobis
591 3628 673 3702 sine
696 3628 867 3726 plurimis
892 3621 1190 3731 firmissimisque

92 3740 324 3840 argumentis
342 3741 403 3816 vel
422 3744 559 3818 debent
576 3745 693 3832 credi,
714 3746 772 3819 vei
790 3747 919 3844 possit.

139 3858 370 3956 Bruchyilae,
385 3858 635 3954 Boeoturchae,
646 3860 725 3935 sive
735 3863 870 3936 summi
884 3863 1103 3939 Boeotorum
1115 3891 1191 3939 ma-

129 4009 142 4038 ·
164 4005 199 4064 Io
220 4005 256 4064 iis
276 4020 351 4084 qous
364 4004 500 4082 ,vidimus
517 4005 627 4066 Valerii
666 4007 703 4068 de
717 4009 864 4068 Antiocho
883 4008 1029 4089 respicias,
1043 4002 1099 4071 erit
1112 4015 1191 4074 unde

97 4081 172 4171 tiu.
186 4084 367 4146 editionibus
385 4082 495 4161 legitur
507 4084 627 4164 Africu-
663 4087 780 4149 dicutur
794 4089 885 4150 Orbis
896 4090 1023 4150 domitor
1038 4091 1144 4171 Scipio.

97 4179 142 4217 m:
169 4163 317 4223 mendose.
360 4163 410 4232 Et,
431 4163 455 4239 si
476 4161 626 4224 victoriam

149 4278 232 4336 vor..
253 4282 313 4334 rv.
685 4261 740 4332 *n
