3042 4980
384 472 975 629 dnmrnrro

466 777 545 864 IN
577 775 862 864 LIVIUM.
1085 682 1088 688 Ι

488 1071 490 1080 ·
570 1061 768 1110 -Q

119 1317 261 1425 DUM
282 1335 378 1419 linio
394 1363 500 1419 novae
516 1335 564 1417 T.
584 1337 679 1418 Livii
703 1337 860 1420 editioni
886 1341 1118 1422 adornandae
1144 1341 1210 1424 da·
1354 1331 1359 1346 ⁴

120 1481 196 1535 mus
213 1483 388 1562 operam,
407 1461 581 1560 quaedam
598 1459 706 1535 nobis
727 1459 826 1535 inter
840 1461 1040 1560 legendum
1064 1463 1211 1540 subiere

119 1587 299 1664 mentem,
313 1575 372 1650 vel
388 1577 435 1650 ad
451 1574 599 1655 Livium
611 1573 746 1674 ipsum,
756 1571 814 1650 vel
832 1577 880 1651 ad
901 1578 981 1674 ejus
993 1576 1211 1678 interpretes

118 1689 354 1786 pertinentia,
385 1715 470 1790 quae
503 1713 583 1766 non
609 1688 766 1786 ingrata,
793 1701 858 1766 aut
887 1689 1039 1768 omnino
1066 1691 1213 1770 inutilia

119 1803 308 1906 plerisque
325 1803 529 1904 legentium
546 1805 625 1880 iore
651 1805 904 1903 sperabamus.
956 1806 1034 1882 Sed
1051 1818 1089 1882 et
1105 1807 1131 1882 ii
1146 1805 1210 1906 qui

119 1929 201 1995 ante
217 1945 295 1996 nos
316 1919 354 1994 in
378 1919 513 1994 eadem
539 1917 712 2020 palaestra
736 1919 856 1995 multa
880 1941 967 1998 cum
993 1920 1106 1996 laude
1130 1945 1213 1996 sese

117 2056 321 2110 exercuere
338 2033 546 2109 doctissimi
560 2033 638 2123 viri,
653 2060 733 2112 non
743 2059 868 2134 pauca
880 2045 1116 2125 annotarere,
1130 2035 1211 2135 qui·

119 2151 185 2225 bns
200 2149 427 2224 instructior
449 2149 690 2249 paratiorque
715 2150 766 2225 ad
783 2137 1080 2226 Liviumlector
1103 2176 1211 2225 aree-

121 2266 234 2344 deret.
281 2261 379 2339 Haec
393 2263 530 2354 omnia,
544 2263 623 2340 rive
635 2277 775 2354 nostra,
791 2265 870 2341 sive
887 2265 934 2340 ab
948 2263 1031 2340 aliis
1046 2260 1212 2340 mutinam

121 2379 392 2455 huc'conlerre
409 2377 531 2454 risum
555 2390 624 2457 est.
676 2379 806 2484 Primo
832 2379 880 2453 de
906 2375 1037 2470 Livi03
1066 2377 1212 2452 turrile
1317 2449 1321 2460 ,
1348 2399 1352 2412 ·

122 2493 200 2588 ejus
215 2493 425 2570 editoribus
443 2503 481 2569 et
496 2493 783 2594 interpretibus3
808 2491 971 2594 denique
986 2494 1036 2570 de
1052 2489 1212 2570 irmtiluti
1326 2527 1341 2548 ·

119 2605 400 2699 nostri'ratione
417 2631 585 2708 agemus.
1374 2601 1378 2608 ’

399 2855 618 2946 cAPur
654 2851 937 2946 PRIMUM.

529 3053 603 3124 nn
633 3047 797 3124 urvro.
916 3159 922 3172 .

22 3279 23 3286 ’
126 3247 215 3353 DE
244 3263 343 3341 Livii
368 3260 445 3340 vita
467 3263 618 3360 juvaret
646 3263 931 3366 aliquammulta
957 3263 1154 3362 disserere,
1180 3263 1333 3340 siunai.

121 3407 203 3481 quae
219 3381 283 3456 via
299 3380 351 3476 ad
366 3403 449 3456 eam
467 3379 681 3456 accuratius
701 3381 1008 3477 cognoscendum
1026 3357 1340 3480 inquiren-33:3¹

122 3507 175 3571 tes
194 3497 319 3573 ferret.
370 3491 519 3582 Nature
544 3493 643 3570 eninr
670 3519 801 3570 omnes
822 3493 992 3592 cupimus
1015 3491 1100 3570 illos
1118 3496 1215 3572 cele·

122 3607 268 3686 bertimi
285 3605 447 3686 nominis
465 3606 578 3699 viros,
596 3633 758 3708 quorum
783 3605 924 3706 scriptu
940 3606 1112 3684 manibus
1129 3610 1215 3686 teri-

123 3748 216 3812 mus,
244 3723 396 3824 penitus
421 3748 668 3824 pemoroere3
694 3735 745 3812 et,
766 3713 994 3824 quibuscum
1019 3723 1215 3800 scribenti·

123 3838 195 3914 bus
219 3839 343 3916 amice
370 3825 671 3938 familiariterque
704 3837 966 3938 colloquimur,
995 3837 1041 3914 iis
1064 3864 1217 3940 quoque

124 3953 260 4029 adesse
277 3951 509 4029 domesticas
533 3979 593 4031 res
610 3953 798 4044 civilesve,
814 3953 979 4053 privatas
995 3954 1218 4052 publicasve
1272 4002 1275 4009 -

125 4067 348 4162 gerentibus.
400 4067 477 4160 Sed
497 4068 687 4170 plerisque
711 4067 936 4170 scriptorum
953 4068 1028 4143 hoc
1046 4069 1217 4168 contigit,

125 4192 177 4271 ut,
195 4181 289 4258 dum
304 4193 514 4262 ceterorum
530 4184 638 4262 dicta
654 4185 832 4286 iactaque
852 4205 1096 4283 magnacum
1112 4184 1218 4262 colli·
1265 4185 1282 4214 ⁵

176 4319 265 4378 von,
286 4323 346 4379 ιν.
670 4303 718 4378 *a
982 4303 984 4310 ’
