3056 4976
313 202 371 260 cxn
629 175 673 262 'a
699 203 769 261 aa.
798 201 1048 262 anouovu

311 364 455 429 Antonio
471 364 636 452 Campano
651 366 904 444 Interamniensi,
922 365 1099 452 Episcopis.
1136 365 1227 443 Quos
1241 363 1323 429 bene
1332 387 1414 454 gna-

310 474 370 526 ros,
387 466 543 536 quantum
564 451 725 517 interesset
747 453 788 518 ad
809 452 950 518 historiae
970 451 1066 518 fidem
1090 465 1121 516 et
1144 463 1344 537 apparatum,
1370 453 1412 517 ad

309 549 488 622 temporum
511 539 667 614 notitiam,
690 539 731 603 ad
754 539 873 625 linguae
889 540 1014 604 Latinae
1035 539 1200 625 omnisque
1221 536 1412 622 eloquentiae

307 623 443 688 nitorem
457 637 489 689 et
499 625 634 710 copiam,
645 625 686 689 ad
697 627 898 711 prudentiam
912 647 948 690 ac
963 625 1066 690 civilia
1075 639 1106 689 et
1118 646 1233 700 mores,
1244 623 1307 688 hoc
1317 646 1412 710 opus,

308 709 363 772 sed
373 712 470 795 quam'
480 711 787 797 purgatissimum,in
799 713 944 776 manibus
955 711 1077 788 haberi,
1088 712 1196 776 ambos
1207 705 1319 774 eodem
1331 725 1413 775 tem·

306 817 386 943 pore
397 797 526 881 quidam
543 798 641 862 movit
655 808 742 862 sacer
757 799 932 874 instinctus,
948 811 980 862 et
995 798 1121 863 incessit
1136 795 1253 882 cupido
1268 810 1333 859 tam
1348 799 1414 862 uti·

320 903 369 946 em
382 904 511 967 operam
528 883 621 947 simul
637 884 751 948 studiis
765 885 948 970 praestandi,
961 897 993 950 et
1001 886 1143 969 personis
1155 906 1190 948 ac
1201 882 1413 968 dignitatibus

308 968 372 1031 snis
389 959 427 1032 ad
453 982 597 1054 posteros
618 970 870 1036 commendandi.
917 970 1095 1052 Occupavit
1114 983 1231 1044 tamen,
1256 969 1290 1031 ni
1305 968 1411 1051 fallor,

309 1055 454 1119 Andreas
469 1058 527 1120 sub
540 1055 641 1120 Paulo
658 1057 808 1123 Secundo
819 1058 972 1122 Pontifice
985 1055 1141 1132 Maximo,
1155 1054 1310 1131 manibus,
1323 1077 1363 1120 ex
1374 1081 1413 1122 aa

306 1141 446 1217 natione,
462 1165 534 1228 quae
550 1143 703 1207 librorum
716 1143 798 1229 typis
810 1156 842 1208 et
855 1143 962 1228 praelis
976 1141 1255 1208 describendorum
1269 1140 1411 1206 nobilem

209 1289 215 1300 ,
306 1241 339 1290 et
353 1227 592 1292 saluberrimam
604 1229 724 1294 invenit
738 1243 849 1308 artem,
863 1229 1005 1296 Conradi
1018 1228 1219 1294 Sweinheimi
1231 1241 1262 1292 et
1273 1228 1413 1293 Arnoldi

308 1313 462 1379 Panartii.
507 1315 584 1379 Duo
598 1316 664 1399 ejus
676 1314 822 1380 editionis
839 1339 932 1400 penes
946 1338 997 1380 me
1012 1330 1085 1380 sunt
1099 1315 1257 1400 exempla,
1273 1316 1410 1379 alterum

200 1447 204 1462 .
306 1399 393 1465 dono
409 1401 502 1484 Casp.
516 1400 669 1477 Gerartii‚
686 1404 737 1467 cui
749 1401 836 1466 deest
845 1402 934 1466 frons
948 1416 980 1467 et
993 1402 1110 1466 bellum
1128 1402 1282 1465 Punicum
1297 1422 1411 1465 secun·

304 1485 384 1550 'dum
397 1510 406 1565 3
422 1486 555 1550 alterum
570 1487 665 1551 Bern.
680 1487 901 1565 Rottendorlii‚
914 1488 1000 1574 quod
1012 1488 1104 1552 titulo
1118 1486 1238 1572 pariter
1252 1500 1283 1549 et
1296 1487 1411 1573 Epito-

307 1571 367 1635 mis
389 1594 488 1660 usque
511 1573 553 1637 ad
574 1595 684 1638 xxvu.
707 1591 802 1639 caret.
848 1579 962 1639 Annus
984 1574 1146 1658 appositus
1168 1579 1232 1636 non
1255 1586 1321 1638 est:
1353 1575 1409 1640 sed

307 1679 508 1724 mcccclxxx.
531 1682 600 1724 eam
623 1663 825 1727 antevertisse
844 1675 1029 1748 argumento
1051 1674 1109 1737 est,
1131 1658 1217 1746 quod
1238 1658 1410 1724 hoc‘anno

309 1745 438 1820 Paulus,
454 1747 505 1810 cui
520 1746 653 1823 dicatur,
670 1747 893 1812 mortalitatem
909 1747 1054 1832 explevit.
1100 1749 1131 1810 A
1147 1745 1326 1811 Vendelino
1341 1747 1410 1832 (hic

307 1844 466 1916 estputo,
482 1832 585 1919 quise
602 1833 845 1898 Sweinheimum
862 1836 895 1900 in
910 1834 996 1899 calce
1010 1833 1176 1898 voluminis
1191 1832 1345 1917 appellat:
1374 1847 1410 1898 ut

307 1918 409 1984 solent
432 1920 502 1984 Itali
523 1917 714 1984 Germanica
734 1921 887 1986 vocabula
901 1920 1069 2002 invertere)
1091 1941 1133 1984 ex
1157 1919 1312 1983 Victorini
1335 1919 1409 1985 Fel-

256 2040 260 2050 =
307 2007 420 2069 transis
445 2007 621 2090 exemplari
646 2006 804 2072 redditam
829 2009 925 2072 luisse
953 2028 1039 2071 anno
1067 2026 1251 2072 mccccnxx.
1275 2017 1409 2072 testatur

309 2091 496 2156 Franciscus
511 2093 713 2158 Robortellus
728 2094 761 2157 iu
774 2093 1004 2159 Convenientia
1018 2093 1164 2158 Lirianae
1175 2093 1409 2178 supputationis

307 2199 382 2242 cum
403 2179 613 2244 marmoribus
638 2179 837 2266 Capitolinis,
853 2192 885 2245 et
908 2179 941 2244 in
963 2178 1259 2244 Emendationibus.
1304 2179 1409 2245 Hunc

307 2265 393 2328 euim
415 2266 612 2331 Victorinum
627 2266 823 2332 Feltrensem
848 2265 1000 2349 proelatur
1022 2264 1203 2341 Aleriensis,
1229 2264 1408 2351 principem

308 2351 451 2416 omnium
469 2351 600 2429 Patavii,
616 2365 648 2418 et
662 2375 739 2418 mox
757 2353 898 2419 Venetiis
912 2352 1072 2438 privatim,
1083 2351 1158 2416 inde
1173 2351 1344 2418 Mantuam
1355 2353 1408 2418 Jo.

305 2439 467 2504 Franri'sci
480 2439 691 2521 Marchionis,
704 2451 738 2505 ut
752 2440 923 2506 liberorum
933 2440 999 2526 ejus
1010 2438 1209 2523 disciplinam
1223 2438 1409 2523 susciperet,

304 2523 492 2590 liberalitate
506 2527 698 2606 traductum,
715 2526 755 2591 T.
770 2526 855 2591 Livii
870 2527 1000 2592 annales
1011 2517 1141 2612 publico
1156 2525 1323 2601 auditorio,
1334 2548 1409 2590 cum

304 2611 426 2696 ingenti
441 2611 606 2678 hominum
621 2612 830 2676 admiratione
850 2636 888 2678 ac
902 2613 995 2690 fama,
1011 2612 1214 2676 commisisse.
1259 2611 1348 2688 Quin
1361 2626 1409 2678 et·

303 2697 367 2762 iam
383 2710 453 2782 post
465 2699 562 2764 multa
572 2698 612 2762 de
621 2699 676 2762 illo
688 2698 874 2779 honorifica,
906 2699 1031 2785 uicquid
1043 2711 1172 2764 auctore
1182 2699 1215 2762 in
1231 2711 1321 2764 tanto
1333 2721 1409 2784 pro-

303 2783 422 2860 fecerit,
433 2786 633 2869 praeceptori,
645 2783 747 2860 altori,
758 2786 883 2869 parenti
927 2786 1071 2866 ictorino,
1081 2784 1284 2870 magnanima
1293 2798 1407 2875 etgra-

304 2881 339 2934 ta
353 2871 469 2955 pietate
484 2885 647 2956 acceptum
663 2869 767 2935 refert.
815 2872 912 2938 Hunc
927 2872 1015 2937 brevi
1038 2870 1205 2937 intervallo
1219 2884 1345 2938 secutus
1361 2887 1409 2938 est

305 2958 562 3022 Interamniensls
578 2955 714 3023 Praesul:
738 2959 826 3044 cujus
845 2980 955 3023 curam
976 2957 1081 3023 adhuc
1096 2957 1204 3024 uidere
1217 2980 1282 3022 non
1297 2960 1407 3042 potui:

305 3043 360 3108 sed
370 3044 404 3108 in
420 3044 542 3127 Regiae,
554 3067 626 3129 quaa
637 3045 765 3109 Parisiis
775 3059 831 3124 est,
842 3044 1041 3112 bibliotheca
1052 3044 1159 3110 indice
1168 3045 1322 3131 scriptum
1331 3045 1411 3134 legi:

309 3129 379 3194 Titi
397 3132 486 3196 Livii
504 3131 710 3196 lsntoriarum
729 3135 818 3198 decas
840 3157 879 3198 aa
903 3133 1111 3196 emendatione
1125 3134 1256 3198 Antonii
1277 3133 1409 3215 Campa·
1511 3179 1512 3182 κ

305 3217 357 3280 ni.-
381 3216 501 3300 adiecta
515 3211 587 3282 suni
601 3219 731 3304 omnium
745 3221 891 3284 librorum
907 3221 1070 3302 epitomata
1086 3223 1136 3303 (ut
1151 3230 1218 3282 turn
1233 3218 1408 3303 loqueban-

305 3304 371 3386 tur)
383 3302 446 3384 sol.
462 3306 571 3368 Roma
586 3326 790 3372 uccccuxxrz
814 3317 845 3371 et
863 3307 970 3370 Tertia
984 3316 1012 3368 et
1032 3307 1154 3380 Quarta
1173 3304 1273 3370 decas.
1297 3307 1408 3370 ibidem

305 3409 517 3456 mdccccxxu.
535 3391 674 3459 Exstant
686 3393 796 3478 Opera
809 3394 874 3478 ejus
889 3390 1023 3456 aMich.
1038 3390 1144 3456 Ferno
1157 3391 1288 3456 collecta
1299 3405 1332 3456 et
1344 3391 1410 3457 Ve·'

304 3476 398 3542 netiis
412 3478 444 3542 in
459 3478 572 3566 vulgus
585 3479 678 3544 data:
701 3480 734 3542 in
749 3478 799 3543 his
813 3479 1009 3564 nuncupatio
1019 3478 1113 3563 hujus
1124 3477 1354 3542 lucubrationis
1365 3482 1406 3545 ad
1510 3553 1511 3566 χ

304 3563 672 3634 JacobumAmanatum
684 3565 861 3630 Lucensem
875 3564 1076 3630 Cardinalem
1094 3559 1300 3649 Papiensem':
1321 3567 1410 3632 unde

304 3650 402 3738 digna
417 3652 485 3716 visa
496 3664 569 3717 sunt
585 3654 665 3733 haec,
674 3674 746 3737 quae
761 3652 970 3739 exsignarem:
990 3651 1095 3716 Genus
1109 3662 1154 3716 est
1163 3651 1196 3714 in
1207 3674 1242 3716 eo
1256 3652 1408 3718 scribmdi

303 3741 462 3826 proprium
476 3750 506 3802 et
527 3760 621 3815 sunm,
638 3749 668 3802 et
689 3740 818 3820 idipsum
837 3739 1029 3820 splendidum
1051 3748 1141 3822 alque
1159 3739 1363 3822 magnificum,
1380 3751 1409 3804 et

303 3835 449 3909 tanquam
470 3827 513 3888 ad
526 3825 729 3907 spectaculum
750 3827 902 3909 quoddam
924 3826 1138 3909 magnitudinis
1157 3825 1280 3890 sublinm
1294 3836 1323 3888 et
1346 3829 1407 3891 ela·
1509 3887 1510 3898 ,

192 3963 195 3974 .
302 3921 473 3988 autumna
492 3933 665 3992 paromaes
686 3913 917 3976 circumductum
940 3912 1144 3994 amplitudinis
1165 3934 1276 3997 gyros:
1302 3912 1350 3978 ila
1371 3923 1406 3978 ut

302 4000 489 4062 eruditorum
503 3999 604 4062 oculus
618 3999 680 4062 late
692 4001 851 4063 extendere
870 4009 959 4084 atque
973 3999 1116 4062 extollere
1129 3999 1273 4062 inultum
1290 4002 1404 4082 possit,

303 4086 455 4166 imperitis
473 4085 643 4169 'caliginem
666 4083 793 4172 afferat.
837 4086 918 4149 Inde
942 4085 1136 4149 librariorum
1157 4087 1255 4150 coorti
1277 4107 1403 4163 mores,

301 4173 382 4247 dum,
398 4173 481 4253 quod
502 4172 561 4253 ipsi
583 4194 642 4236 non
662 4173 795 4256 capiunt,
822 4173 945 4236 nimbum
967 4193 1038 4249 esse,
1063 4181 1127 4248 aut,
1154 4173 1235 4256 quod
1257 4191 1318 4236 nou
1341 4195 1410 4238 cem·

301 4267 385 4333 nunt,
402 4257 563 4335 obscurum,
587 4261 748 4344 autsquod
766 4269 812 4324 est
835 4261 984 4324 inversam
1004 4259 1104 4323 studio
1126 4259 1265 4336 auctorit,
1290 4261 1402 4342 depra-

301 4353 404 4408 aarum
414 4355 550 4426 pulsnm
572 4355 602 4410 et
615 4347 653 4410 de
666 4346 809 4412 'librariis
828 4347 1037 4412 emendatores
1051 4343 1143 4425 sacti,
1158 4345 1209 4410 udi
1224 4346 1300 4430 plus
1313 4346 1402 4412 adlu-
