3120 4984
326 153 383 206 144
741 143 1022 206 TlTlLlVII

161 329 191 380 u.
202 331 231 379 o.
242 327 310 384 aaa¹
323 308 409 376 euim
429 331 468 376 ac
489 330 590 395 prope
611 307 714 376 hostis
738 307 878 387 habitus,
894 309 970 376 dum
993 309 1077 377 inter
1090 332 1125 376 re
1138 309 1204 376 duo
1219 332 1313 399 reges:
1323 330 1399 410 cap-

160 393 297 452 Arc-1⁶⁸·
323 409 425 463 tentes
452 395 566 462 fraude
587 408 619 462 et
650 395 781 462 avaritia
813 408 946 462 certant.
991 397 1100 482 Cydas
1121 410 1191 462 erat
1225 399 1397 475 Cretensis,

323 507 364 550 ex
381 483 500 549 intimis
524 483 693 549 Eumenis:
717 482 874 568 hioprius
899 485 941 549 ad
970 484 1190 571 Amphipolim
1217 506 1290 548 cum
1318 482 1398 548 Chi·

322 591 412 635 maro
441 571 581 658 quodam
614 570 761 655 populari
793 593 862 648 suo,
893 570 1049 636 militante
1070 567 1155 657 apud
1179 570 1307 649 Persea,
1322 571 1400 634 inde

321 668 432 743 postea
461 657 502 722 ad
531 657 784 734 Demetriadem,
811 657 907 722 semel
938 680 1010 723 cum
1035 659 1222 723 Menecrate
1244 657 1397 744 quodam,

320 745 438 810 iterum
463 743 573 810 ⁸⁰cum
603 744 808 820 Antimacho,
831 745 927 832 regiis
947 746 1093 824 ducibus,
1114 746 1173 810 sub
1195 745 1271 832 ipsis
1285 743 1401 808 moeui·

321 831 381 894 bus
404 831 492 896 urbis
513 831 700 897 conlocutus
724 830 836 896 fuerat.
884 831 1038 918 Eropou⁰
1067 853 1204 919 quoque,
1236 832 1292 919 qui
1328 844 1398 896 tum

283 963 285 970 ·
321 917 435 982 missus
449 931 507 998 est,
529 918 652 983 duabus
667 917 708 982 ad
723 916 870 982 eumdem
895 917 1072 982 Eumenem
1091 921 1161 1005 jam
1176 931 1251 983 ante
1264 917 1398 1006 legatio-

302 1004 417 1068 nibus
439 1003 567 1070 functus
581 1018 660 1070 erat.
705 1003 790 1080 Quae
815 1004 986 1090 conloquia
1009 1007 1134 1070 occulta
1162 1019 1194 1070 et
1222 1004 1399 1093 legationes

320 1089 492 1157 ⁸¹infames
514 1087 643 1178 quidem
667 1103 775 1156 erant:
809 1090 874 1168 sed,
907 1093 986 1178 quid
1020 1105 1126 1156 actum
1157 1103 1247 1173 esset,
1280 1091 1399 1178 quidve

321 1177 405 1329 {mgr
419 1201 510 1268 reges
525 1179 732 1256 convenisset,
755 1177 972 1265 ignorabatur.
1020 1179 1085 1243 Res
1110 1192 1217 1244 autem
1243 1181 1289 1244 ita
1308 1189 1399 1244 sesei

345 1287 364 1330 a
390 1267 445 1330 uit.

158 1356 286 1435 Quidue,
366 1351 474 1418 XXV.
489 1351 660 1416 'Eumenes
690 1373 808 1436 neque¹
825 1349 903 1415 favit
930 1350 1071 1420 uictoriae
1108 1351 1226 1427 Persei,
1256 1350 1398 1437 ”neque

155 1423 313 1535 affiget„
322 1436 407 1503 bello
421 1435 494 1503 eum
510 1437 661 1502 invadere
675 1437 785 1502 animo
798 1436 926 1503 habuit:
949 1437 1046 1504 l³uon
1071 1451 1137 1504 tam
1160 1439 1236 1525 qnia
1254 1451 1400 1524 paternae
1431 1485 1438 1504 ,

157 1559 182 1600 ,t
195 1549 287 1600 nome·
321 1525 486 1609 intereos
511 1523 686 1590 inimicitiae
715 1535 818 1601 erant,
849 1545 945 1612 quam
974 1524 1118 1609 ipsorum
1147 1526 1229 1592 odiis
1257 1525 1343 1588 inter
1366 1545 1400 1588 se

157 1615 232 1666 aaut
320 1633 471 1676 acoensae.
517 1611 592 1675 Non
612 1634 649 1675 ea
672 1633 782 1698 regum
806 1611 978 1689 emulatio,
994 1625 1029 1677 nt
1044 1635 1139 1699 aequo
1153 1613 1262 1677 animo
1279 1609 1396 1676 Persea

164 1717 168 1726 ’
318 1711 423 1764 tantas
444 1698 579 1782 adipisci
601 1720 688 1784 opes,
715 1711 901 1784 tantamque
925 1697 1072 1786 gloriam,
1093 1712 1214 1800 quanta
1240 1697 1399 1764 Romanis

319 1786 411 1852 victis
434 1808 506 1850 eum
523 1785 683 1863 manebat,
701 1785 861 1850 Eumenes
881 1785 1007 1850 visurus
1029 1785 1134 1852 fuerit.
1180 1784 1343 1851 Cernebat
1364 1793 1399 1848 et

321 1871 448 1949 Persea,
459 1874 526 1958 jam
543 1873 618 1937 inde
633 1873 673 1937 ab
687 1871 780 1937 initio
794 1872 880 1952 belli,
896 1872 984 1936 omni
1006 1873 1104 1938 modo
1119 1895 1206 1959 spem
1223 1873 1310 1958 pacis
1325 1884 1396 1936 ten·

319 1972 411 2035 tasse,
427 1971 460 2023 et
475 1959 506 2022 in
523 1959 590 2024 dies
606 1958 717 2046 magis,
732 1981 796 2044 quo
810 1957 944 2044 propior
963 1960 1188 2025 admoveretur
1207 1974 1322 2036 terror,
1342 1957 1395 2021 ni·

319 2044 365 2109 hil
380 2067 483 2132 neque
508 2068 602 2132 agere
628 2044 726 2122 alind,
753 2066 858 2130 neque
872 2047 1022 2133 cogitare.
1069 2048 1231 2112 Romanos
1254 2067 1395 2132 quoque,

319 2133 394 2220 qnia
415 2131 594 2202 traheretur
620 2131 738 2196 diutins
753 2153 808 2217 spe
831 2133 975 2217 ipsorum
993 2133 1122 2213 bellum,
1142 2146 1174 2197 et
1189 2135 1273 2220 ipsos
1285 2133 1396 2214 duces,

319 2235 350 2284 et
374 2233 530 2295 senatum,
547 2241 610 2285 uon
636 2217 845 2284 abhorrerea
867 2217 1010 2285 finiendo
1036 2234 1101 2284 tam
1126 2219 1332 2284 incommodo
1356 2239 1395 2283 ac

317 2305 439 2372 difficili
468 2305 561 2370 bello.
609 2307 682 2370 Hac
705 2306 871 2389 utriusque
895 2306 994 2388 partis
1023 2307 1185 2376 voluntate
1214 2306 1395 2392 explorata,

316 2393 404 2481 quod
418 2393 487 2458 fieri
503 2395 597 2460 etiam
613 2415 671 2458 sua
693 2407 807 2478 sponte
828 2392 925 2456 taedio
946 2393 1119 2471 validioris,
1136 2405 1222 2458 metu
1237 2392 1397 2457 infirmio-

316 2482 361 2546 ris
376 2481 526 2547 credebat
541 2502 642 2566 posse,
661 2481 694 2545 in
714 2502 754 2544 eo
768 2502 857 2544 suam
874 2501 1003 2564 operam
1019 2482 1182 2546 venditare
1197 2477 1399 2544 concilianda

317 2569 420 2652 gratia
435 2569 536 2655 magis
551 2569 660 2652 cupiit.
706 2566 801 2642 Nam,
819 2566 916 2630 medo
935 2589 976 2631 ne
987 2565 1115 2654 juvaret
1129 2566 1214 2632 bello
1230 2567 1397 2632 Romarm

317 2667 403 2719 terra
422 2657 576 2740 marique,
597 2654 693 2719 modo
708 2654 794 2738 pacis
808 2656 972 2737 patrandae
994 2675 1068 2718 cum
1079 2654 1240 2732 ,Romanis
1253 2655 1396 2739 pacisce-

316 2742 412 2807 batur
427 2739 623 2804 mercedem:
646 2739 720 2804 84ηε
735 2738 819 2803 bello
843 2741 1017 2819 interesset,
1041 2742 1128 2808 mille
1153 2755 1185 2806 et
1199 2741 1398 2829 quingentai

481 2879 612 2940 ⁰Crypion
631 2877 702 2927 Crev.
784 2877 903 2926 rsonae
985 2883 1122 2946 ‘ipaingem
1137 2885 1212 2931 Grou.

349 2993 383 3041 30
401 2993 463 3041 Cam
471 2992 624 3059 Antimacho]
641 2993 706 3040 Olim
715 2992 836 3041 Antiocho.
871 3001 927 3042 tom
937 3010 1084 3057 possumus:
1102 3012 1148 3045 non
1159 3004 1209 3046 toa
1219 2996 1394 3062 qaiapoietproe

319 3057 467 3104 Emendavit
478 3059 614 3104 Gronovius
625 3073 654 3106 ex
671 3073 694 3107 c.
705 3059 744 3107 13.
756 3072 837 3120 supra.
871 3061 933 3107 iuter
954 3075 990 3108 cor
1008 3065 1140 3112 inimicitie
1158 3066 1270 3118 mactat
1287 3061 1393 3122 iptorum
1415 3076 1421 3089 ¹

319 3123 389 3170 Idem
400 3124 465 3170 inira
483 3123 531 3183 legi
537 3117 612 3184 jussit
625 3123 735 3186 Crypton
746 3139 778 3171 ex
792 3124 839 3172 Po·
870 3125 930 3172 odiit
940 3127 1003 3174 inter
1012 3141 1036 3174 rr
1046 3143 1154 3184 occanere,
1166 3141 1240 3189 qnam
1263 3127 1329 3187 quod
1346 3139 1394 3172 noa

318 3187 611 3250 lyb.Legat.85.Vulgo
621 3189 726 3250 Empori,
870 3202 992 3254 corregam
1002 3193 1127 3248 comhtio,
1139 3198 1183 3242 ut.
1195 3223 1223 3240 ..

350 3251 598 3316 31'1osamcr...·
619 3256 698 3319 erant]
726 3255 840 3302 Infamia
904 3253 938 3302 34
952 3255 1307 3314 Νεωὶοίηἰπωηέ,ωἰδίιεί
1323 3256 1394 3317 qvia·

319 3317 426 3365 Eumeni
442 3320 508 3379 apud
524 3317 648 3366 Romanos
672 3327 759 3378 erant3
787 3333 839 3367 ans·
868 3325 942 3381 genta
959 3322 1055 3371 taieutm
1085 3324 1119 3370 Ia
1139 3321 1247 3384 utroque]
1277 3322 1326 3368 Hic
1348 3322 1393 3368 ali-

317 3391 418 3444 pectum
442 3383 585 3444 proditionis
610 3383 749 3432 Eumenem
765 3385 839 3432 iacis·
871 3386 930 3444 quid
942 3387 1024 3434 deesse
1034 3389 1246 3448 ipsaresciamat.
1272 3385 1339 3440 Quid
1349 3399 1394 3432 ex·

319 3449 387 3496 baut.
870 3451 965 3507 ciderit,
983 3452 1101 3500 discimus
1116 3467 1147 3500 er
1171 3453 1286 3512 Appiano
1303 3451 1330 3498 in
1351 3463 1395 3498 ex·

351 3513 385 3560 32
397 3511 482 3572 Neque
501 3512 556 3560 bello
571 3527 624 3561 enm
641 3513 749 3562 incudm
760 3516 839 3563 animo
857 3517 959 3576 *cerpus
970 3518 1001 3566 de
1012 3517 1081 3566 Bello
1093 3517 1258 3568 Macedonico.
1275 3515 1316 3564 Sic
1326 3516 1395 3564 enim

316 3573 407 3638 halah]
425 3575 537 3637 Sigonius
549 3575 689 3638 reposuerat
707 3581 733 3626 ta
751 3583 838 3628 caiam.
871 3580 1056 3630 habetGraecus
1064 3583 1175 3644 scriptor.
1199 3577 1392 3648 thanniim

319 3637 366 3688 Sed
388 3641 450 3687 nihil
470 3649 507 3687 est
528 3643 699 3703 praepositione
721 3659 792 3706 opus,
811 3650 839 3691 ut
871 3643 987 3707 (niptris)
1005 3646 1045 3699 τῆς
1061 3643 1243 3709 plateaticum,
1262 3645 1334 3710 χίλια
1351 3644 1393 3693 nal

316 3707 429 3752 observat
452 3707 597 3754 Gronovius.
639 3709 677 3756 Sic
695 3709 788 3758 Auctor
809 3710 839 3756 de
872 3709 1209 3776 „tensamentum”
1220 3709 1300 3775 χίλιαι.
1316 3713 1393 3760 Hunc

317 3769 387 3816 Bello
409 3771 482 3831 Hisp.
501 3772 528 3816 in
549 3773 637 3818 litteris
659 3776 785 3837 Pompeiis
802 3789 838 3822 oo·
871 3791 971 3826 senaim
989 3781 1073 3838 procui
1091 3781 1166 3826 dubio
1181 3783 1333 3839 expresserat
1349 3776 1393 3823 Li·

316 3834 482 3882 honeaoaimo
491 3835 559 3884 hoico
570 3835 651 3884 arvos
661 3840 760 3888 mutere.
781 3841 838 3890 Vid.
871 3842 942 3889 riusr
960 3844 1033 3890 rerba
1050 3845 1085 3891 sic
1101 3843 1244 3891 formamus
1278 3842 1321 3890 Νι
1337 3841 1394 3888 ictio

315 3906 341 3944 et
351 3905 404 3948 not.
411 3900 453 3949 81.
462 3901 495 3948 ad
506 3901 605 3948 xxxi.
618 3901 658 3950 18.
871 3907 999 3964 cirtercmt,
1016 3909 1095 3964 milles
1116 3911 1143 3954 ut
1156 3921 1238 3969 poema
1248 3905 1394 3966 matare,

349 3963 470 4012 RS'Non
487 3967 613 4030 mmqaic]
631 3969 838 4030 Hicaiiquidim·
870 3971 935 4020 mille
952 3976 976 4018 et
991 3973 1120 4036 quingenta
1137 3971 1232 4021 mena.
1263 3971 1337 4020 Mille
1355 3974 1394 4016 ia·

316 4030 393 4088 pediti
403 4036 441 4076 est
449 4031 586 4078 etobsouri.
609 4033 839 4083 Eaiuistevidetur
870 4035 934 4084 irato
951 4045 1008 4085 sunt
1027 4051 1118 4086 merore
1146 4037 1240 4100 argenti
1271 4042 1392 4084 nosnates

315 4093 839 4162 meaniviiutdioeret,Eumenernmagis
871 4100 959 4150 93750.
998 4101 1072 4150 Mille
1092 4108 1116 4150 et
1140 4103 1277 4164 quingenta,
1300 4115 1393 4150 marcae

316 4159 473 4207 emulatione
492 4175 567 4221 quam
585 4163 642 4211 odio
653 4165 837 4213 inimicitiarum
872 4164 974 4215 liccat.
993 4165 1063 4215 iniis
1073 4180 1170 4229 quoque
1180 4181 1235 4228 qua
1244 4171 1392 4230 sequuntur,

315 4236 345 4298 eo
362 4224 495 4298 adductum
514 4237 576 4282 esse,
589 4230 838 4278 utminimeiaveret
865 4233 939 4294 iege:
956 4233 988 4279 In
1006 4237 1137 4293 atrumque.
1171 4233 1232 4280 ilaec
1248 4233 1332 4280 omnia
1351 4232 1394 4280 de·

319 4293 424 4333 victorie
443 4289 533 4336 Persei.
567 4292 597 4338 in
612 4293 676 4341 hanc
691 4295 839 4342 sententiam
870 4297 1099 4346 beaturGronovio.

319 4351 354 4397 sic
365 4351 470 4400 formare
485 4354 596 4403 Livianae
607 4359 721 4406 orationis
738 4363 838 4409 contex-
