3154 4984
443 219 536 278 nra.
561 183 656 280 xt‘v.
683 219 780 279 car.
810 221 956 281 xxvnr.
1017 279 1021 287 ,
1165 230 1218 292 197

157 375 327 464 ingressos,
343 379 498 447 hostiliter
512 382 685 448 sreviemnt.
732 383 783 448 Ad
800 383 971 449 AEniorum
993 407 1121 471 quoque
1143 385 1214 449 hos·
1229 403 1258 452 υ.
1269 403 1293 449 c.
1306 401 1363 452 teu

159 463 256 529 tiliter
270 465 381 530 urbem
403 468 613 553 diripiendam
629 469 668 534 L.
686 470 882 536 Postumium
910 471 1105 560 misitqquod
1121 469 1256 555 perti-A·
1270 467 1296 514 ⁰·
1310 467 1364 515 ¹⁶⁷·

160 551 280 630 nucius,
296 575 390 638 quam
401 553 545 620 finitimae
559 556 711 637 civitptes,
726 557 759 620 in
775 559 868 621 armis
881 557 1015 622 fuerant.
1060 558 1216 623 Autumni

158 634 224 700 iere
253 650 376 724 tempus
401 655 485 718 erat;
522 644 612 768 cqus
645 643 796 728 temporis
831 643 924 708 initio
958 645 1214 709 circumeundam
1224 665 1324 714 rannus

158 723 331 802 Graeciam,
348 727 548 815 visendaque,
599 749 671 814 quae
685 729 852 795 nobilitata
873 729 956 794 fama
971 731 1071 816 magis
1086 732 1343 797 auribusGrm'rm

157 823 288 896 accepta
308 827 392 891 sunt,
415 811 511 901 quarn
532 815 631 879 oculis
652 829 838 894 noscuntur,
854 831 890 881 ut
911 817 1028 894 statuit,
1043 803 1342 902 praepositopemssm'

156 897 267 962 castris
282 898 321 962 C.
338 899 480 984 Sulpicio
495 899 602 977 Gallo,
617 901 777 985 profectus
799 925 872 968 cum
887 902 974 968 haud
983 903 1105 993 ¹magno
1119 907 1216 970 comi·
1324 948 1326 952 .

158 993 237 1059 tatu,
260 987 438 1072 tegentibus
455 986 554 1051 latera
579 987 728 1073 Scipione
750 988 817 1053 filio
842 1003 874 1053 et
890 991 1047 1055 Athenaeo
1064 988 1216 1055 Eumenis

157 1070 240 1162 regis
265 1069 371 1149 fratrc,
387 1094 444 1157 per
458 1070 653 1140 Thessaliam
669 1075 813 1160 Delphos
832 1077 921 1161 petit,
937 1075 1081 1140 inclitum
1096 1085 1215 1142 ‘oracu-

155 1151 239 1219 lum:
270 1157 336 1235 ubi,
360 1160 514 1224 sacrificio
539 1159 683 1245 Apollini
707 1161 800 1239 facto,
824 1161 989 1227 inchoatas
1012 1163 1046 1226 in
1061 1163 1217 1228 vestibulo

155 1239 331 1332 columnas,
356 1245 470 1331 quibus
499 1247 665 1332 inposituri
695 1260 814 1313 statuas
839 1250 922 1336 regis
946 1250 1048 1314 Persei
1078 1249 1213 1328 fucrant,

155 1328 220 1392 auis
240 1331 351 1395 statuis
375 1332 475 1397 victor
504 1332 678 1398 destinavit.
724 1335 877 1399 Lebadiae
905 1349 1030 1422 quoqu'e
1060 1336 1213 1421 templum

155 1411 279 1480 ”lovis
293 1416 473 1502 Trophonii
497 1419 583 1483 adiit.
616 1419 661 1483 ibi
687 1443 785 1508 quum
808 1421 934 1486 vidisset
956 1445 991 1486 os
1012 1443 1134 1507 specus,
1158 1445 1215 1506 per

177 1499 239 1566 uod
255 1505 385 1567 oraculo
400 1517 522 1569 utentes
535 1507 726 1571 sciscitatum
741 1505 830 1572 Deos
843 1507 1048 1586 descendunt,
1061 1509 1214 1574 sacrificio
1237 1557 1241 1568 .

153 1521 228 1651 lovi
245 1587 493 1740 Hercynnaeque
513 1591 607 1670 facto,
624 1589 760 1678 quorum
780 1593 825 1657 ihi
838 1593 991 1680 templum
1012 1609 1068 1670 cst,
1087 1594 1214 1660 Chalci·
1307 1631 1310 1636 ·
1385 1588 1387 1596 ’

155 1675 226 1738 dem
241 1675 280 1738 ad
295 1689 441 1760 spectaco
456 1699 509 1743 um
523 1677 670 1764 ”Euripi
681 1681 718 1718 *²
731 1700 862 1766 aeroque
884 1695 957 1744 ante
979 1682 1101 1759 insulae,
1117 1695 1214 1766 ponte

154 1760 328 1827 continenti
345 1763 477 1849 junctae,
492 1765 663 1830 deseendit.
707 1767 740 1831 A
756 1764 908 1831 Chalcide
925 1763 1073 1832 Aulidem
1089 1769 1214 1854 trajicit,

154 1846 252 1911 trium
278 1848 410 1914 millium
437 1851 538 1936 spatio
563 1852 742 1929 distantem,
765 1849 893 1937 portum
917 1853 1057 1918 inclitum
1081 1855 1215 1919 statione

154 1934 317 2017 quondam
346 1935 432 2002 mille
453 1939 579 2002 navium
604 1939 868 2026 Agamemnoniae
892 1935 1007 2018 classii,
1035 1941 1216 2028 Dianae'quc

155 2020 321 2105 templum,
338 2022 394 2087 ubi
416 2024 548 2088 navibus
570 2046 696 2090 cursum
718 2025 760 2090 ad
775 2025 918 2113 Trojam,
934 2027 1001 2091 filia
1014 2028 1140 2092 victima
1154 2029 1216 2092 aris

153 2105 295 2190 admota
314 2131 371 2172 rex
396 2109 450 2176 ille
470 2133 580 2198 regum
606 2112 706 2198 petiit.
751 2112 831 2177 Inde
846 2113 992 2198 Oropum
1009 2113 1127 2178 Atticae
1142 2135 1216 2178 ven·

154 2205 223 2256 tum
245 2208 308 2272 est3
330 2195 420 2261 ²⁸uhi
446 2217 507 2281 pro
521 2198 596 2262 Deo
620 2213 707 2263 vates
728 2199 962 2282 Amphilochus
988 2199 1113 2276 colitur,
1137 2214 1215 2264 tern-

154 2278 306 2366 plumque
330 2295 488 2348 vetustum
518 2298 574 2361 ast,
601 2283 740 2349 lontibus
768 2286 906 2371 rivisque
934 2286 1018 2350 circs
1043 2307 1213 2350 amoenum.

156 2365 299 2432 Athenas
326 2369 411 2448 inde,
434 2370 578 2456 ”plenas
606 2370 733 2457 quidem
762 2383 795 2434 et
827 2371 910 2456 ipsas
931 2383 1086 2436 vetustate
1111 2371 1214 2448 famae,
1244 2423 1246 2430 .

157 2451 259 2518 multa
288 2467 392 2520 tamen
421 2456 550 2521 visenda
586 2459 753 2522 habentes:
787 2478 902 2536 arcem,
925 2456 1214 2543 ⁸⁰portus,·muros

154 2539 309 2605 Piraeeum
320 2542 392 2606 urbi
401 2544 583 2631 jungentes,
598 2543 624 2582 ⁸¹
633 2543 757 2608 navalis
771 2565 959 2644 magnorum
976 2545 1214 2629 imperatorum,

151 2625 321 2692 simulacra
335 2629 481 2701 Deorum
495 2629 734 2716 hominumque,
750 2651 839 2696 omni
853 2652 970 2718 genere
984 2645 1015 2695 et
1030 2632 1170 2697 materiae
1182 2647 1215 2695 et
1239 2707 1243 2718 ¹

152 2712 269 2777 artium
283 2713 432 2802 insignia.
1126 2781 1130 2789 .

198 2799 364 2866 XXVlIl.
389 2803 553 2869 Sacrificio
569 2803 727 2869 Mineruae
747 2805 873 2890 praesidi
896 2806 977 2871 arcis
991 2806 1021 2868 in
1039 2807 1117 2870 urbe
1132 2807 1215 2874 facio

508 2928 517 2960 ῑ
528 2929 595 2974 abest
607 2933 665 2974 nota
675 2927 769 2975 lacuna
781 2929 850 2975 crev.

184 3039 217 3090 25
240 3039 446 3104 Qua...mogtr
462 3045 558 3090 auritio
574 3047 666 3104 acepta
691 3043 779 3106 Jhmoe,
799 3043 873 3090 multa
896 3042 987 3104 tamea]
1010 3041 1095 3088 Plenas
1116 3045 1214 3102 quidem

151 3107 214 3160 runt,
242 3119 313 3166 quam
338 3106 412 3153 omrlir
438 3107 576 3170 matur]
604 3109 666 3163 Quae
698 3106 1216 3164 monumentisvetustatis,quaenihilaliud

149 3169 224 3228 vulgo
242 3171 350 3231 plerique
369 3173 468 3220 auribus
484 3174 591 3232 accipere
608 3172 666 3222 satis
698 3173 793 3232 insigne
802 3172 918 3228 habeant,
926 3171 1075 3230 quamquod
1085 3183 1216 3230 repraesen-

148 3234 487 3290 habent‚neccumutetiam
502 3249 600 3284 noscas
610 3251 667 3284 oeu-
698 3243 752 3284 tent
770 3235 922 3282 heroicorum
942 3240 1079 3292 temporum
1102 3237 1217 3282 memori-

149 3298 188 3346 lir.
697 3315 756 3360 am3
773 3299 851 3346 multa
867 3304 949 3346 tamen
965 3298 1090 3352 habentes,
1105 3312 1161 3358 quae
1172 3313 1215 3360 per

183 3361 215 3410 26
231 3363 300 3410 Jove
318 3365 457 3430 trophonii]
476 3366 513 3413 De
530 3363 666 3426 Trophonii
697 3379 723 3412 se
743 3365 804 3425 ipsa,
822 3368 847 3409 et
863 3364 894 3408 ob
913 3367 1041 3409 structura
1060 3363 1216 3422 magnifices·
1280 3395 1285 3398 -

148 3427 257 3486 amulo,
268 3435 293 3474 et
302 3429 504 3491 Hercynna‚quae
512 3429 576 3476 inira
586 3430 665 3476 nomi·
696 3431 766 3483 dam,
778 3434 822 3474 aut
836 3427 1005 3474 excellentium
1021 3427 1124 3482 artificii,
1136 3428 1215 3474 usen-

146 3493 287 3548 natrrnvid.
296 3493 600 3542 Pausaniaminlioeoticis.
628 3494 665 3540 Ibi
697 3493 798 3541 ἀιεὶιιῑ.

145 3556 200 3604 fuae
227 3557 375 3618 descriptum
399 3559 503 3619 reperies
532 3567 557 3604 et
583 3559 665 3604 locum
728 3557 761 3605 80
778 3557 879 3621 Portus]
890 3557 919 3604 In
927 3556 1019 3603 Piraeeo
1028 3556 1215 3632 solqtreserant

145 3621 664 3748 euaristum
696 3621 1214 3748 rameseie:

141 3750 236 3813 panau.
269 3751 379 3798 correxit
390 3752 510 3812 Sigonius.
695 3751 933 3799 bantAthenienses.
966 3749 1025 3795 Vid.
1042 3746 1144 3796 Pansam
1160 3751 1213 3798 Att.
1240 3771 1246 3775 -

179 3813 211 3862 2⁷
227 3813 316 3875 Euripi
326 3829 416 3878 unoque
425 3819 478 3863 anre
491 3813 586 3880 insulis]
597 3813 663 3878 Lege
695 3816 772 3862 initio.

146 3879 237 3942 Euripi
252 3879 388 3941 Eutoeoeque
408 3879 506 3928 matu.-
534 3881 601 3941 quod
618 3881 663 3928 du·
727 3879 759 3928 st
785 3879 888 3927 Narelia
917 3889 1057 3942 magnorum
1091 3879 1214 3940 inperato-

145 3946 206 3992 dum
223 3951 371 3992 monuerunt
391 3945 505 4008 Sigonius
526 3951 551 3992 et
569 3945 663 3991 crono-
695 3945 761 4009 rum]
779 3945 883 3991 Navalis
896 3957 945 3991 non
962 3951 1020 3990 sunt
1030 3944 1213 4004 imperatorum,

38 4053 42 4062 ,
145 4008 209 4057 vius.
695 4011 738 4057 sed
753 4009 845 4070 populi.
877 4008 980 4055 Videtur
998 4005 1116 4054 excidisse
1132 4009 1215 4070 aliqua

177 4073 212 4122 28
230 4073 280 4121 Uli
293 4088 340 4135 pro
357 4076 398 4124 deo
416 4079 479 4124 veter
494 4071 664 4134 Amphiloclurr
695 4087 753 4134 vox,
763 4079 824 4135 puta
833 4075 991 4127 moto,
1001 4077 1044 4117 aut
1054 4071 1102 4116 alia
1112 4085 1162 4118 non
1172 4076 1215 4121 ab·

145 4135 314 4246 celiturl¹1ion
326 4139 379 4187 aine
389 4153 463 4189 causa
474 4140 600 4188 existimat
610 4138 663 4186 Du·
695 4139 782 4185 similis
789 4150 881 4184 sensus.
916 4135 1041 4196 sicigitur
1049 4135 1180 4194 legendum
1187 4145 1214 4186 et

142 4196 219 4262 jutius
250 4202 339 4248 rivium
356 4204 469 4254 hocloco
484 4201 664 4265 Anrptttoctum
696 4201 896 4264 distinguendum
915 4199 977 4246 eritr
995 4200 1100 4258 aarum,
1115 4215 1211 4264 mugno-

145 4263 237 4312 dixsse
256 4279 301 4326 pro
320 4266 473 4330 Amphiarao.
498 4269 556 4316 vid.
574 4267 663 4315 Pausa·
696 4281 750 4314 rum
772 4268 939 4328 imperatorum
960 4268 1117 4324 rncnunwoto,
1140 4270 1213 4316 rimu-

143 4329 352 4381 ruminatum.
693 4332 857 4380 lacradcorum
868 4329 1039 4392 inminentque.

176 4391 209 4441 29
225 4393 314 4444 Penas
325 4397 416 4458 quidem
435 4405 457 4444 rt
472 4399 532 4460 ipsas
548 4401 661 4446 adarim

725 4471 782 4526 03
