3154 4984
485 145 694 208 multotu-
715 145 937 207 DEPERD.
1147 175 1150 182 ν
1182 150 1243 207 223

171 309 463 394 fieus·uolucrnnt,
480 309 653 376 Masinissa
666 331 755 396 agro,
771 311 810 374 de
823 328 885 395 qua
897 310 935 376 lis
948 318 1026 388 mat,
1040 311 1183 375 'cedentu-
1193 312 1247 375 sed

188 395 298 482 Gisgo,
315 398 511 462 Hamilcaris
524 397 624 477 filius,
639 397 724 460 itamo
737 398 907 480 seditiones,
924 397 1057 480 quivtum
1068 398 1109 460 in
1127 398 1246 482 magis·

186 491 270 545 trotu
284 494 360 560 erat,
376 505 465 568 quum
482 493 604 548 senatus
612 485 789 566 pariturum
804 504 836 546 se
847 481 975 567 judicio
985 483 1095 566 legatis
1105 484 1243 560 dixisset,

187 568 234 631 ita
250 569 359 632 bellum
373 571 516 633 adsuetis
528 571 686 633 Romanos
700 571 855 633 secedendo
876 571 1047 647 concitauit,
1061 578 1097 631 ut
1115 570 1245 654 legatos,

186 673 245 736 quo
258 655 357 718 minus
367 655 560 731 violarentur,
569 654 653 740 juga
668 654 854 736 replicuerit.
896 655 939 718 Id
951 656 1140 731 nunciantes,
1151 655 1246 740 infier-

187 738 325 824 turnjum
338 751 473 805 senatum
488 741 810 826 Karthaginiensibus,
824 737 1006 821 infestiorem
1012 737 1162 822 fecerunt.
1193 741 1245 806 M.

188 825 318 890 Porcius
342 826 508 908 Cato-sdii,
530 829 564 892 in
589 836 726 912 pratnra
747 829 868 902 mortui,
881 826 984 911 finnus
1008 829 1190 902 terterissimo,
1212 836 1248 890 ut

107 941 111 948 ·
187 910 294 987 valuit,
322 911 426 991 (⁷nam
448 935 574 996 pauper
594 914 672 994 erat)
695 923 794 975 sumtu
809 910 896 992 fecit.
942 911 1188 996 Andriscus,'qui
1214 933 1248 977 se

186 998 409 1077 Perseifiliuns,
425 1000 507 1084 regis
517 1002 663 1084 quondam
675 998 876 1074 Mmeaontae,
890 999 1009 1082 ingenti
1022 1001 1248 1064 adseveratione

180 1085 372 1161 'mmtiretur‚
385 1081 516 1148 Romam
525 1085 649 1149 missen.
693 1084 743 1147 M.
760 1084 907 1148 AEmilius
927 1085 1071 1168 Lepidus,
1086 1086 1141 1170 qui
1161 1086 1247 1166 prin·

184 1181 254 1251 'ceps
274 1180 394 1235 senatus
407 1169 468 1235 ⁸ab
488 1173 578 1235 sectis
593 1169 667 1254 jam
690 1171 860 1234 censoribus
885 1180 953 1235 erut
974 1171 1073 1247 tectus,
1089 1180 1249 1256 autequam

188 1256 367 1337 suspiraret,
382 1259 525 1338 pracepit
530 1257 622 1336 filiis,
639 1257 714 1320 lecto
727 1277 760 1320 se
772 1265 868 1320 strato
887 1257 951 1320 sine
973 1256 1083 1333 linteis,
1098 1258 1164 1321 sine
1171 1277 1249 1340 pur·

186 1361 266 1422 pura
287 1342 440 1428 efferrent:
463 1344 496 1406 in
511 1343 661 1426 reliquum
674 1339 772 1423 sunus
785 1341 799 1382 ⁰
810 1363 845 1405 ne
858 1341 933 1423 plus,
954 1363 1046 1426 qnam
1058 1343 1131 1406 aris
1145 1344 1246 1421 denos,

188 1439 407 1502 conuenerant.-
430 1430 598 1514 imaginum
619 1429 726 1514 specie,
741 1447 801 1490 nnn
819 1429 972 1508 sesmtibus,
987 1427 1146 1492 nobilitari
1158 1449 1249 1513 mog-

189 1533 295 1576 narum
308 1514 439 1578 virorum
451 1511 567 1595 sunem
581 1514 682 1578 sotere.
728 1515 782 1578 De
794 1515 945 1596 umeficiit
959 1514 1120 1599 quesitum.
1166 1515 1250 1578 Pub-

190 1599 268 1662 licia
289 1609 319 1663 et
332 1600 473 1675 Licinia,
495 1601 606 1665 mbiies
619 1597 757 1681 semina,
779 1619 847 1682 qua
862 1599 973 1664 ¹⁰oiros
992 1619 1059 1665 usas
1081 1599 1252 1666 mmulorss

187 1705 311 1749 measse
331 1686 595 1763 insimulabantur,
611 1687 737 1771 cognita
750 1702 867 1764 comeo,
880 1685 905 1724 ¹¹
914 1707 1004 1770 qensm
1016 1687 1140 1769 oratori
1152 1706 1207 1767 pro
1219 1707 1252 1750 ss

189 1773 282 1835 nudes
296 1773 457 1848 dedissent,
472 1783 666 1856 cognatorum
682 1773 801 1835 decreto
820 1781 933 1836 necata
945 1781 1024 1835 nent.
1069 1770 1252 1853 1'Gulussm

192 1856 472 1942 Masinissaefitius‚
488 1858 690 1932 denunciavit,
705 1857 903 1942 Karthagine
912 1857 1118 1942 delectusagi
1128 1859 1254 1923 clunem

190 1944 419 2024 compararint
442 1946 523 2008 baud
542 1943 664 2007 dubium
677 1942 783 2005 bellum
802 1944 887 2008 strui.
934 1942 1034 2019 Quum
1051 1945 1129 2008 Cato
1143 1946 1253 2008 suade·
1317 1968 1322 1974 ·

193 2039 248 2104 ret,
263 2039 294 2092 ut
309 2030 347 2092 iis
361 2030 470 2094 beilum
486 2031 673 2107 indiceretur,
691 2029 730 2092 P.
748 2029 888 2094 Cornelio
903 2029 1023 2093 Nasica
1037 2032 1165 2108 dicente,
1181 2030 1255 2095 nibil

183 2122 305 2177 unae
309 2111 502 2195 faciundum,
517 2115 642 2198 placuit,
652 2116 753 2177 decem
765 2115 843 2178 mitti
854 2116 973 2200 legatos
986 2117 1181 2198 senioratum.
1210 2119 1254 2182 L.

185 2200 328 2264 Irici'uius
349 2201 507 2278 Lucullus,
531 2204 571 2267 A.
590 2199 761 2265 Postumius
782 2199 906 2264 Albinus
929 2201 1069 2277 mucules,
1090 2218 1177 2284 quum
1202 2205 1268 2274 de·,

195 2285 311 2348 lectum'
325 2307 426 2352 senem
451 2296 584 2374 agerent,
599 2307 653 2350 nec
673 2305 849 2369 quemquam
868 2288 979 2371 gratia
1000 2287 1199 2364 dimitterent,
1214 2291 1254 2352 ab

197 2371 325 2435 tribsmis
338 2374 445 2456 plebis,
461 2374 513 2458 qcsi
530 2395 591 2456 pro
613 2372 719 2436 amicis
732 2373 793 2435 suis
812 2373 1001 2436 uacationem
1020 2373 1181 2458 impetrare
1194 2395 1255 2438 non

185 2467 341 2539 ‹poternnt
355 2459 389 2522 in
408 2481 560 2524 carcerem
582 2456 707 2541 mrn'ecti
728 2466 807 2520 sunt
854 2455 953 2533 Qucum
974 2451 1174 2540 Hispaniense
1193 2459 1255 2523 bel·

197 2543 267 2621 lunt,
282 2563 389 2624 parum
404 2567 543 2628 prospere
555 2545 716 2628 aliquoties
736 2551 863 2628 gestum,
877 2544 922 2606 ita
947 2541 1125 2625 confudisset
1148 2545 1256 2610 ciuita-

193 2638 257 2692 tem
272 2629 454 2709 Romanam,
470 2641 505 2696 ut
518 2654 556 2696 ne
569 2631 593 2695 ii
606 2631 723 2715 quidem
745 2629 958 2707 invenirentur,
974 2632 1029 2714 qni
1050 2640 1104 2695 aut
1120 2633 1256 2697 tribuna-

196 2724 260 2778 tuns
281 2717 456 2801 encipercnt,
473 2728 526 2782 aut
548 2717 644 2804 legati
657 2717 701 2780 ire
714 2715 829 2794 uellent,
847 2717 887 2780 P.
902 2715 1055 2782 Corneliis
1068 2717 1258 2784 AEmtnnm

184 2885 187 2890 '
228 2885 246 2932 t
262 2885 331 2934 Nam
338 2901 428 2949 pauper
437 2889 500 2956 mat]
519 2889 592 2936 tteud
607 2889 642 2936 its
653 2885 711 2934 Pu·
743 2893 795 2934 tem
806 2887 966 2938 Freinshemii
980 2891 1135 2948 modestiam,
1153 2890 1195 2952 qui
1211 2891 1258 2939 hoe

192 2951 304 3012 metius,
318 2953 361 3012 qui
377 2955 496 3002 Catonem
510 2955 651 3015 colligendos
669 2966 711 3013 pe·
743 2952 813 3006 libro.
829 2968 850 3002 c.
870 2953 908 3002 10.
927 2955 989 3002 nihil
1005 2954 1131 3011 definiens,
1147 2954 1260 3002 modicam

192 3014 274 3060 eunies
291 3018 496 3065 studiosissimum
512 3019 587 3064 tuisse
598 3019 711 3076 affirmet,
739 3019 864 3078 pecuniam
875 3015 900 3065 in
911 3019 986 3066 funus
997 3032 1069 3067 enum
1080 3020 1191 3068 consumi
1205 3015 1260 3081 jus·

195 3081 319 3144 n'echmste
335 3082 358 3127 ei
374 3095 426 3128 rem
442 3084 549 3132 cessisse.
582 3079 713 3128 Eumvide
744 3079 803 3126 sisse
814 3082 934 3142 Lepidum
946 3084 1012 3131 dicit.

194 3139 358 3206 incinntaj.
730 3148 733 3152 “
781 3144 811 3190 10
832 3147 900 3193 Viros
919 3159 973 3193 usos
994 3142 1135 3212 mnushrer]
1160 3147 1261 3196 Addidit

231 3207 247 3253 8
262 3208 299 3256 Ab
310 3212 381 3257 sertis
391 3211 446 3273 jam
457 3209 596 3274 censoribus]
615 3209 715 3258 Addidit
747 3207 904 3257 Gronoviuss
915 3211 992 3257 tribus
1004 3211 1075 3257 MSS.
1087 3223 1171 3257 vocem
1182 3223 1263 3258 emeru-

195 3267 309 3330 Sigonius
339 3276 483 3334 perticulam
514 3275 558 3321 ab:
587 3288 636 3322 non
663 3275 715 3320 sine
747 3271 814 3318 iares.
846 3273 909 3320 Snne
925 3275 986 3321 alter
1001 3289 1033 3322 ex
1042 3275 1072 3320 iis
1081 3274 1109 3321 1..
1120 3274 1262 3322 Postumius

194 3343 450 3398 cenantpussmus.
748 3337 901 3384 consulatum
920 3346 1032 3398 μικταὶ.
1067 3339 1115 3386 Sed
1133 3337 1263 3386 Claudium

228 3399 305 3461 &Ne
315 3402 372 3462 plus
387 3418 456 3465 quam
472 3403 527 3450 aris
542 3401 621 3466 mnne]
645 3401 716 3449 Sum·
748 3401 859 3447 Asellum
877 3401 952 3450 tuisse
970 3404 1094 3451 consulem
1114 3416 1163 3449 non
1185 3409 1265 3450 exstet

196 3473 240 3508 sna
255 3465 355 3512 ridicule
370 3467 465 3527 exigue.
498 3467 639 3516 Denieninn
651 3467 716 3520 serie,
748 3465 873 3512 memoris.
906 3465 961 3514 vid.
973 3467 1041 3517 eto.
1054 3463 1127 3528 hujus
1135 3467 1198 3513 libri.

197 3525 295 3575 etiamsi
310 3544 383 3591 grem
399 3545 434 3579 aes
448 3533 607 3593 intelligetur,
619 3536 718 3593 aequsnt
782 3528 812 3576 11
827 3528 910 3586 ,Qunam
927 3534 1026 3592 peimi
1041 3531 1134 3592 mades
1154 3529 1265 3592 vadesque

196 3589 326 3641 denarium
343 3610 432 3654 unum,
450 3597 503 3644 sive
523 3610 599 3644 unum
619 3595 713 3658 argenti
749 3593 874 3659 dedissent]
901 3596 1020 3645 observat
1039 3595 1176 3646 Gronovius
1203 3596 1265 3642 nihil

193 3667 313 3714 grosmm.
347 3659 415 3707 Unus
435 3659 489 3706 MS.
507 3667 569 3706 teste
592 3661 713 3707 Gronovio
745 3658 1058 3722 hicpraedtbusopusesse.
1091 3657 1266 3706 Praedeeentm

137 3753 149 3779 Ν
191 3718 273 3766 'habet
288 3725 343 3770 aeris
358 3723 434 3783 deus,
447 3725 512 3784 unde
522 3723 665 3772 fsetltunum
676 3731 713 3772 est
744 3722 771 3768 in
782 3725 825 3770 lite
837 3726 985 3781 nummaria,
999 3726 1070 3773 vades
1081 3725 1107 3770 in
1124 3737 1151 3770 re
1164 3719 1265 3784 'capitali

196 3783 225 3829 id
244 3787 337 3836 efficere
354 3791 420 3850 quod
433 3789 551 3842 Pithoeus,
562 3795 713 3836 memorante
748 3789 876 3836 dabantur.
910 3789 1267 3851 itaqueexrnriisdeprsvste-

202 3845 319 3906 Heernio,
328 3849 474 3914 conjecerat,
491 3853 547 3899 aris
562 3853 651 3899 decies.-
669 3853 717 3900 nisi
748 3865 805 3898 rum
811 3853 837 3898 in
848 3853 919 3901 MSS.
930 3855 1062 3902 lectionum
1072 3853 1179 3912 vestigia
1188 3851 1266 3898 verine

197 3914 266 3970 quod
283 3923 342 3965 tunc
358 3929 456 3966 summa
474 3931 523 3964 non
540 3919 718 3964 contemnende
749 3918 931 3965 emendationes
959 3925 1053 3966 tentate
1081 3929 1186 3977 querum
1212 3917 1267 3963 haec

197 3981 315 4039 exsurgit.
350 3981 436 4029 Decies
444 3983 510 4028 enim
518 3987 619 4028 centens
626 3983 717 4028 assium
749 3981 857 4026 maxim
867 3983 986 4042 perspicui
997 3995 1082 4029 sensus
1090 3993 1141 4028 esse
1152 3982 1221 4027 nobis
1232 3982 1267 4026 vi·

200 4041 287 4098 mittis,
306 4046 401 4092 etiamsi
421 4047 589 4106 intelligantur
608 4047 719 4108 rutgerus
749 4044 834 4091 deturs
852 4045 1104 4108 yuumnpraetaredis
1119 4045 1184 4092 dicta
1198 4045 1266 4092 uades

199 4109 256 4151 turn
275 4110 403 4170 asseuqui
419 4110 527 4156 senidmi
546 4111 571 4156 in
591 4111 718 4157 denarium
748 4106 868 4154 dedissunt.
894 4110 941 4158 Sed
951 4111 993 4158 ills
1003 4111 1099 4172 longius
1107 4109 1266 4158 obiteMSS.

199 4171 425 4229 contribuebnntur,
464 4180 564 4234 ecquam
610 4175 720 4221 denarios
786 4172 817 4219 12
841 4171 939 4220 detrusa
955 4206 960 4220 .
978 4208 985 4222 .
1003 4205 1010 4219 .
1026 4173 1182 4229 denunciavit,
1207 4175 1267 4223 Car·

199 4231 290 4280 62500.
307 4250 401 4284 merces
416 4239 510 4300 argenti
531 4243 649 4290 nostrates
663 4238 720 4284 976.
751 4235 847 4297 tbagtne
868 4237 964 4298 debetur
977 4237 1031 4302 age]
1050 4239 1140 4287 Melius
1157 4239 1267 4288 Pithoeus

200 4299 287 4346 uncins
298 4297 479 4351 internuncium
488 4299 512 4355 l.'
528 4303 657 4351 imitemur
665 4315 722 4350 ceu·
753 4303 818 4362 apud
829 4301 965 4350 chrnium
976 4305 1105 4353 nunciaeit.
