<?xml version="1.0" encoding="UTF-8"?>
<!DOCTYPE html PUBLIC "-//W3C//DTD XHTML 1.0 Transitional//EN"
    "http://www.w3.org/TR/xhtml1/DTD/xhtml1-transitional.dtd">
<html xmlns="http://www.w3.org/1999/xhtml" xml:lang="en" lang="en">
 <head>
  <title>
</title>
<meta http-equiv="Content-Type" content="text/html;charset=utf-8" />
  <meta name='ocr-system' content='tesseract 3.04.00' />
  <meta name='ocr-capabilities' content='ocr_page ocr_carea ocr_par ocr_line ocrx_word'/>
</head>
<body>
  <div class='ocr_page' id='page_1' title='image "./tliviipatavinih03crevgoog_0110.png"; bbox 0 0 3056 4976; ppageno 0'>
   <div class='ocr_carea' id='block_1_1' title="bbox 423 177 1228 259">
    <p class='ocr_par' dir='ltr' id='par_1_1' title="bbox 423 177 1228 259">
     <span class='ocr_line' id='line_1_1' title="bbox 423 177 1228 259; baseline 0.006 -15"><span class='ocrx_word' id='word_1_1' title='bbox 423 186 489 244; x_wconf 90' lang='lat' dir='ltr'><strong>DE</strong></span> <span class='ocrx_word' id='word_1_2' title='bbox 511 185 860 259; x_wconf 74' lang='lat' dir='ltr'><strong>Portunltrtrus,</strong></span> <span class='ocrx_word' id='word_1_3' title='bbox 883 177 968 248; x_wconf 56' lang='lat' dir='ltr'><strong>dre-²</strong></span> <span class='ocrx_word' id='word_1_4' title='bbox 1179 191 1228 250; x_wconf 86' lang='lat' dir='ltr'><strong>eiii</strong></span> 
     </span>
    </p>
   </div>
   <div class='ocr_carea' id='block_1_2' title="bbox 122 344 1387 3988">
    <p class='ocr_par' dir='ltr' id='par_1_2' title="bbox 125 344 1387 600">
     <span class='ocr_line' id='line_1_2' title="bbox 125 344 1351 438; baseline 0.003 -22"><span class='ocrx_word' id='word_1_5' title='bbox 125 371 191 416; x_wconf 81' lang='lat' dir='ltr'><strong>erre</strong></span> <span class='ocrx_word' id='word_1_6' title='bbox 202 347 364 419; x_wconf 76' lang='lat' dir='ltr'><strong>debueret</strong></span> <span class='ocrx_word' id='word_1_7' title='bbox 379 355 430 420; x_wconf 77' lang='lat'><strong>75.</strong></span> <span class='ocrx_word' id='word_1_8' title='bbox 445 349 500 419; x_wconf 83' lang='lat' dir='ltr'><strong>sed</strong></span> <span class='ocrx_word' id='word_1_9' title='bbox 514 344 658 438; x_wconf 76' lang='lat' dir='ltr'><strong>quinutu</strong></span> <span class='ocrx_word' id='word_1_10' title='bbox 673 363 836 436; x_wconf 84' lang='lat' dir='ltr'><strong>receptum</strong></span> <span class='ocrx_word' id='word_1_11' title='bbox 850 349 964 430; x_wconf 82' lang='lat' dir='ltr'><strong>fueret,</strong></span> <span class='ocrx_word' id='word_1_12' title='bbox 975 363 1011 418; x_wconf 88' lang='lat' dir='ltr'><strong>ut</strong></span> <span class='ocrx_word' id='word_1_13' title='bbox 1026 363 1154 420; x_wconf 82' lang='lat' dir='ltr'><strong>centum</strong></span> <span class='ocrx_word' id='word_1_14' title='bbox 1169 354 1224 420; x_wconf 84' lang='lat' dir='ltr'><strong>de·</strong></span> <span class='ocrx_word' id='word_1_15' title='bbox 1234 359 1311 433; x_wconf 57' lang='lat' dir='ltr'><strong>rems</strong></span> <span class='ocrx_word' id='word_1_16' title='bbox 1322 371 1351 404; x_wconf 73' lang='lat'><strong>⁸¹</strong></span> 
     </span>
     <span class='ocr_line' id='line_1_3' title="bbox 125 428 1387 534; baseline 0.003 -32"><span class='ocrx_word' id='word_1_17' title='bbox 125 435 205 502; x_wconf 82' lang='lat' dir='ltr'><strong>nerii</strong></span> <span class='ocrx_word' id='word_1_18' title='bbox 217 437 251 501; x_wconf 91' lang='lat' dir='ltr'><strong>in</strong></span> <span class='ocrx_word' id='word_1_19' title='bbox 262 435 377 502; x_wconf 78' lang='lat' dir='ltr'><strong>librum</strong></span> <span class='ocrx_word' id='word_1_20' title='bbox 388 437 633 523; x_wconf 75' lang='lat' dir='ltr'><strong>imputarentur,</strong></span> <span class='ocrx_word' id='word_1_21' title='bbox 643 436 771 504; x_wconf 77' lang='lat' dir='ltr'><strong>habitus</strong></span> <span class='ocrx_word' id='word_1_22' title='bbox 781 450 829 504; x_wconf 85' lang='lat' dir='ltr'><strong>est</strong></span> <span class='ocrx_word' id='word_1_23' title='bbox 838 461 858 506; x_wconf 80' lang='lat' dir='ltr'><strong>u</strong></span> <span class='ocrx_word' id='word_1_24' title='bbox 867 437 959 504; x_wconf 87' lang='lat' dir='ltr'><strong>nobis</strong></span> <span class='ocrx_word' id='word_1_25' title='bbox 969 460 1143 528; x_wconf 79' lang='lat' dir='ltr'><strong>grunorum</strong></span> <span class='ocrx_word' id='word_1_26' title='bbox 1154 428 1387 534; x_wconf 52' lang='lat' dir='ltr'><strong>tuo-{ffssfb‘sslgn&#39;</strong></span> 
     </span>
     <span class='ocr_line' id='line_1_4' title="bbox 127 524 1340 600; baseline 0.009 -12"><span class='ocrx_word' id='word_1_27' title='bbox 127 524 296 590; x_wconf 92' lang='lat' dir='ltr'><strong>tummodo</strong></span> <span class='ocrx_word' id='word_1_28' title='bbox 312 531 365 592; x_wconf 80' lang='lat' dir='ltr'><strong>te.</strong></span> <span class='ocrx_word' id='word_1_29' title='bbox 825 559 830 570; x_wconf 67' lang='lat'>¹</span> <span class='ocrx_word' id='word_1_30' title='bbox 1232 553 1340 600; x_wconf 67' lang='lat' dir='ltr'><strong>trimete-</strong></span> 
     </span>
    </p>

    <p class='ocr_par' dir='ltr' id='par_1_3' title="bbox 166 609 1292 696">
     <span class='ocr_line' id='line_1_5' title="bbox 166 609 1292 696; baseline 0.001 -20"><span class='ocrx_word' id='word_1_31' title='bbox 166 609 337 676; x_wconf 82' lang='lat' dir='ltr'><strong>Droohmu</strong></span> <span class='ocrx_word' id='word_1_32' title='bbox 349 631 410 696; x_wconf 83' lang='lat' dir='ltr'><strong>per</strong></span> <span class='ocrx_word' id='word_1_33' title='bbox 424 621 571 678; x_wconf 74' lang='lat' dir='ltr'><strong>censetur</strong></span> <span class='ocrx_word' id='word_1_34' title='bbox 584 611 736 678; x_wconf 77' lang='lat' dir='ltr'><strong>denario..</strong></span> <span class='ocrx_word' id='word_1_35' title='bbox 777 673 780 680; x_wconf 87' lang='grc'><em>,</em></span> <span class='ocrx_word' id='word_1_36' title='bbox 1231 629 1292 666; x_wconf 77' lang='lat' dir='ltr'><strong>rum.</strong></span> 
     </span>
    </p>

    <p class='ocr_par' dir='ltr' id='par_1_4' title="bbox 168 695 617 786">
     <span class='ocr_line' id='line_1_6' title="bbox 168 695 617 786; baseline 0.004 -24"><span class='ocrx_word' id='word_1_37' title='bbox 168 695 358 775; x_wconf 81' lang='lat' dir='ltr'><strong>erinurius,</strong></span> <span class='ocrx_word' id='word_1_38' title='bbox 374 719 549 786; x_wconf 78' lang='lat' dir='ltr'><strong>granorum</strong></span> <span class='ocrx_word' id='word_1_39' title='bbox 563 707 617 765; x_wconf 84' lang='lat'><strong>36.</strong></span> 
     </span>
    </p>

    <p class='ocr_par' dir='ltr' id='par_1_5' title="bbox 169 780 607 872">
     <span class='ocr_line' id='line_1_7' title="bbox 169 780 607 872; baseline -0.002 -22"><span class='ocrx_word' id='word_1_40' title='bbox 169 780 350 861; x_wconf 71' lang='lat' dir='ltr'><strong>Sestertius,</strong></span> <span class='ocrx_word' id='word_1_41' title='bbox 365 803 539 872; x_wconf 76' lang='lat' dir='ltr'><strong>granorum</strong></span> <span class='ocrx_word' id='word_1_42' title='bbox 559 793 607 850; x_wconf 90' lang='lat'><strong>18.</strong></span> 
     </span>
    </p>

    <p class='ocr_par' dir='ltr' id='par_1_6' title="bbox 126 868 1224 1044">
     <span class='ocr_line' id='line_1_8' title="bbox 168 868 1224 957; baseline 0.002 -21"><span class='ocrx_word' id='word_1_43' title='bbox 168 869 369 948; x_wconf 67' lang='lat' dir='ltr'><strong>Sestertium,</strong></span> <span class='ocrx_word' id='word_1_44' title='bbox 380 870 445 936; x_wconf 85' lang='lat' dir='ltr'><strong>sive</strong></span> <span class='ocrx_word' id='word_1_45' title='bbox 458 869 545 934; x_wconf 89' lang='lat' dir='ltr'><strong>mille</strong></span> <span class='ocrx_word' id='word_1_46' title='bbox 559 868 737 946; x_wconf 74' lang='lat' dir='ltr'><strong>nummum,</strong></span> <span class='ocrx_word' id='word_1_47' title='bbox 748 889 927 934; x_wconf 78' lang='lat' dir='ltr'><strong>marcorum</strong></span> <span class='ocrx_word' id='word_1_48' title='bbox 938 870 1063 957; x_wconf 77' lang='lat' dir='ltr'><strong>urgenti</strong></span> <span class='ocrx_word' id='word_1_49' title='bbox 1075 879 1106 936; x_wconf 81' lang='grc'><strong>6.</strong></span> <span class='ocrx_word' id='word_1_50' title='bbox 1116 873 1224 938; x_wconf 82' lang='lat' dir='ltr'><strong>uncie-</strong></span> 
     </span>
     <span class='ocr_line' id='line_1_9' title="bbox 126 963 527 1044; baseline 0 -25"><span class='ocrx_word' id='word_1_51' title='bbox 126 977 198 1022; x_wconf 87' lang='lat' dir='ltr'><strong>rum</strong></span> <span class='ocrx_word' id='word_1_52' title='bbox 215 963 246 1025; x_wconf 89' lang='lat'><strong>7.</strong></span> <span class='ocrx_word' id='word_1_53' title='bbox 261 977 437 1044; x_wconf 72' lang='lat' dir='ltr'><strong>grenorum</strong></span> <span class='ocrx_word' id='word_1_54' title='bbox 456 965 527 1024; x_wconf 72' lang='lat' dir='ltr'><strong>let.</strong></span> 
     </span>
    </p>

    <p class='ocr_par' dir='ltr' id='par_1_7' title="bbox 167 1039 1199 1146">
     <span class='ocr_line' id='line_1_10' title="bbox 167 1039 1199 1146; baseline 0.001 -38"><span class='ocrx_word' id='word_1_55' title='bbox 167 1041 344 1108; x_wconf 77' lang='lat' dir='ltr'><strong>Talentum</strong></span> <span class='ocrx_word' id='word_1_56' title='bbox 365 1043 516 1121; x_wconf 76' lang='lat' dir='ltr'><strong>Atticum,</strong></span> <span class='ocrx_word' id='word_1_57' title='bbox 533 1057 711 1108; x_wconf 76' lang='lat' dir='ltr'><strong>morcarum</strong></span> <span class='ocrx_word' id='word_1_58' title='bbox 725 1039 849 1146; x_wconf 65' lang='lat' dir='ltr'><strong>urgenti</strong></span> <span class='ocrx_word' id='word_1_59' title='bbox 865 1051 917 1108; x_wconf 83' lang='grc'><strong>96.</strong></span> <span class='ocrx_word' id='word_1_60' title='bbox 932 1041 1098 1108; x_wconf 76' lang='lat' dir='ltr'><strong>unciarum</strong></span> <span class='ocrx_word' id='word_1_61' title='bbox 1115 1053 1147 1109; x_wconf 83' lang='lat'><strong>6.</strong></span> <span class='ocrx_word' id='word_1_62' title='bbox 1195 1045 1199 1053; x_wconf 89' lang='lat'>&#39;</span> 
     </span>
    </p>

    <p class='ocr_par' dir='ltr' id='par_1_8' title="bbox 124 1126 1349 1477">
     <span class='ocr_line' id='line_1_11' title="bbox 163 1126 1224 1214; baseline 0.004 -20"><span class='ocrx_word' id='word_1_63' title='bbox 163 1131 223 1206; x_wconf 87' lang='lat' dir='ltr'><strong>As,</strong></span> <span class='ocrx_word' id='word_1_64' title='bbox 251 1129 394 1214; x_wconf 79' lang='lat' dir='ltr'><strong>quaudiu</strong></span> <span class='ocrx_word' id='word_1_65' title='bbox 416 1127 492 1195; x_wconf 89' lang='lat' dir='ltr'><strong>deni</strong></span> <span class='ocrx_word' id='word_1_66' title='bbox 513 1128 691 1207; x_wconf 74' lang='lat' dir='ltr'><strong>denarium,</strong></span> <span class='ocrx_word' id='word_1_67' title='bbox 713 1129 782 1196; x_wconf 91' lang='lat' dir='ltr'><strong>binr</strong></span> <span class='ocrx_word' id='word_1_68' title='bbox 802 1148 875 1195; x_wconf 88' lang='lat' dir='ltr'><strong>cum</strong></span> <span class='ocrx_word' id='word_1_69' title='bbox 898 1129 1024 1194; x_wconf 84' lang='lat' dir='ltr'><strong>semisse</strong></span> <span class='ocrx_word' id='word_1_70' title='bbox 1045 1126 1224 1198; x_wconf 75' lang='lat' dir='ltr'><strong>sestertium</strong></span> 
     </span>
     <span class='ocr_line' id='line_1_12' title="bbox 124 1215 1224 1302; baseline 0.002 -22"><span class='ocrx_word' id='word_1_71' title='bbox 124 1215 351 1297; x_wconf 80' lang='lat' dir='ltr'><strong>conficiebant,</strong></span> <span class='ocrx_word' id='word_1_72' title='bbox 366 1215 538 1282; x_wconf 79' lang='lat' dir='ltr'><strong>aestimatus</strong></span> <span class='ocrx_word' id='word_1_73' title='bbox 552 1239 572 1280; x_wconf 86' lang='lat' dir='ltr'><strong>o</strong></span> <span class='ocrx_word' id='word_1_74' title='bbox 586 1215 678 1280; x_wconf 89' lang='lat' dir='ltr'><strong>nobis</strong></span> <span class='ocrx_word' id='word_1_75' title='bbox 693 1228 742 1282; x_wconf 90' lang='lat' dir='ltr'><strong>est</strong></span> <span class='ocrx_word' id='word_1_76' title='bbox 761 1215 869 1302; x_wconf 76' lang='lat' dir='ltr'><strong>granis</strong></span> <span class='ocrx_word' id='word_1_77' title='bbox 883 1215 1006 1298; x_wconf 73' lang='lat' dir='ltr'><strong>urgenti</strong></span> <span class='ocrx_word' id='word_1_78' title='bbox 1022 1217 1040 1291; x_wconf 83' lang='lat'><strong>7</strong></span> <span class='ocrx_word' id='word_1_79' title='bbox 1047 1218 1076 1294; x_wconf 65' lang='lat' dir='ltr'><strong>{r</strong></span> <span class='ocrx_word' id='word_1_80' title='bbox 1099 1225 1224 1300; x_wconf 78' lang='lat' dir='ltr'><strong>postes·</strong></span> 
     </span>
     <span class='ocr_line' id='line_1_13' title="bbox 124 1301 1349 1390; baseline 0.002 -22"><span class='ocrx_word' id='word_1_81' title='bbox 124 1323 220 1389; x_wconf 80' lang='lat' dir='ltr'><strong>quem</strong></span> <span class='ocrx_word' id='word_1_82' title='bbox 232 1301 376 1368; x_wconf 85' lang='lat' dir='ltr'><strong>senideni</strong></span> <span class='ocrx_word' id='word_1_83' title='bbox 387 1302 421 1368; x_wconf 92' lang='lat' dir='ltr'><strong>in</strong></span> <span class='ocrx_word' id='word_1_84' title='bbox 432 1301 761 1389; x_wconf 76' lang='lat' dir='ltr'><strong>donarium,quuterni</strong></span> <span class='ocrx_word' id='word_1_85' title='bbox 770 1302 986 1368; x_wconf 79' lang='lat' dir='ltr'><strong>insertertium</strong></span> <span class='ocrx_word' id='word_1_86' title='bbox 996 1303 1130 1390; x_wconf 86' lang='lat' dir='ltr'><strong>conjecti</strong></span> <span class='ocrx_word' id='word_1_87' title='bbox 1139 1318 1222 1382; x_wconf 85' lang='lat' dir='ltr'><strong>sunt,</strong></span> <span class='ocrx_word' id='word_1_88' title='bbox 1347 1331 1349 1342; x_wconf 66' lang='lat'><strong><em>¹</em></strong></span> 
     </span>
     <span class='ocr_line' id='line_1_14' title="bbox 124 1387 1110 1477; baseline -0.004 -23"><span class='ocrx_word' id='word_1_89' title='bbox 124 1388 234 1477; x_wconf 75' lang='lat' dir='ltr'><strong>grems</strong></span> <span class='ocrx_word' id='word_1_90' title='bbox 249 1387 374 1476; x_wconf 78' lang='lat' dir='ltr'><strong>urgenti</strong></span> <span class='ocrx_word' id='word_1_91' title='bbox 387 1387 440 1466; x_wconf 61' lang='lat' dir='ltr'><strong>el.</strong></span> <span class='ocrx_word' id='word_1_92' title='bbox 1108 1446 1110 1450; x_wconf 87' lang='lat'>.</span> 
     </span>
    </p>

    <p class='ocr_par' dir='ltr' id='par_1_9' title="bbox 122 1473 1297 2082">
     <span class='ocr_line' id='line_1_15' title="bbox 167 1473 1223 1577; baseline 0.002 -39"><span class='ocrx_word' id='word_1_93' title='bbox 167 1475 263 1576; x_wconf 72' lang='lat' dir='ltr'><strong>.H⁸³⁰.</strong></span> <span class='ocrx_word' id='word_1_94' title='bbox 271 1475 364 1540; x_wconf 90' lang='lat' dir='ltr'><strong>nobis</strong></span> <span class='ocrx_word' id='word_1_95' title='bbox 373 1474 590 1577; x_wconf 70' lang='lat' dir='ltr'><strong>aestimatioex</strong></span> <span class='ocrx_word' id='word_1_96' title='bbox 599 1475 776 1559; x_wconf 86' lang='lat' dir='ltr'><strong>ponderum</strong></span> <span class='ocrx_word' id='word_1_97' title='bbox 789 1475 912 1575; x_wconf 79' lang='lat' dir='ltr'><strong>ratione</strong></span> <span class='ocrx_word' id='word_1_98' title='bbox 921 1473 1064 1545; x_wconf 81' lang='lat' dir='ltr'><strong>suffecit:</strong></span> <span class='ocrx_word' id='word_1_99' title='bbox 1079 1475 1112 1540; x_wconf 91' lang='lat' dir='ltr'><strong>in</strong></span> <span class='ocrx_word' id='word_1_100' title='bbox 1122 1497 1187 1561; x_wconf 85' lang='lat' dir='ltr'><strong>que</strong></span> <span class='ocrx_word' id='word_1_101' title='bbox 1197 1475 1223 1540; x_wconf 88' lang='lat' dir='ltr'><strong>sl</strong></span> 
     </span>
     <span class='ocr_line' id='line_1_16' title="bbox 122 1559 1297 1736; baseline -0.001 -23"><span class='ocrx_word' id='word_1_102' title='bbox 122 1559 1223 1736; x_wconf 63' lang='lat' dir='ltr'><strong>tffittlttttlttttltflttt{ltltl‘ttbttttlt</strong></span> <span class='ocrx_word' id='word_1_103' title='bbox 1294 1614 1297 1622; x_wconf 76' lang='grc'><em>’</em></span> 
     </span>
     <span class='ocr_line' id='line_1_17' title="bbox 124 1733 1256 1816; baseline 0 -16"><span class='ocrx_word' id='word_1_104' title='bbox 124 1734 193 1814; x_wconf 84' lang='lat' dir='ltr'><strong>doe,</strong></span> <span class='ocrx_word' id='word_1_105' title='bbox 210 1736 340 1800; x_wconf 84' lang='lat' dir='ltr'><strong>notiora</strong></span> <span class='ocrx_word' id='word_1_106' title='bbox 352 1735 494 1812; x_wconf 83' lang='lat' dir='ltr'><strong>nomine,</strong></span> <span class='ocrx_word' id='word_1_107' title='bbox 510 1733 746 1812; x_wconf 79' lang='lat' dir='ltr'><strong>desiderabunt,</strong></span> <span class='ocrx_word' id='word_1_108' title='bbox 761 1735 799 1800; x_wconf 86' lang='lat' dir='ltr'><strong>iis</strong></span> <span class='ocrx_word' id='word_1_109' title='bbox 813 1733 995 1800; x_wconf 81' lang='lat' dir='ltr'><strong>facillimum</strong></span> <span class='ocrx_word' id='word_1_110' title='bbox 1006 1736 1077 1816; x_wconf 89' lang='lat' dir='ltr'><strong>erit,</strong></span> <span class='ocrx_word' id='word_1_111' title='bbox 1092 1735 1224 1800; x_wconf 86' lang='lat' dir='ltr'><strong>definito</strong></span> <span class='ocrx_word' id='word_1_112' title='bbox 1254 1797 1256 1800; x_wconf 84' lang='lat'>.</span> 
     </span>
     <span class='ocr_line' id='line_1_18' title="bbox 124 1818 1224 1908; baseline 0.001 -21"><span class='ocrx_word' id='word_1_113' title='bbox 124 1818 223 1888; x_wconf 86' lang='lat' dir='ltr'><strong>semel</strong></span> <span class='ocrx_word' id='word_1_114' title='bbox 239 1821 273 1886; x_wconf 86' lang='lat' dir='ltr'><strong>iu</strong></span> <span class='ocrx_word' id='word_1_115' title='bbox 286 1819 402 1886; x_wconf 82' lang='lat' dir='ltr'><strong>libellis</strong></span> <span class='ocrx_word' id='word_1_116' title='bbox 416 1820 588 1908; x_wconf 71' lang='lat' dir='ltr'><strong>solidisque</strong></span> <span class='ocrx_word' id='word_1_117' title='bbox 599 1820 841 1887; x_wconf 81' lang='lat' dir='ltr'><strong>Turonensibne</strong></span> <span class='ocrx_word' id='word_1_118' title='bbox 853 1833 1030 1888; x_wconf 76' lang='lat' dir='ltr'><strong>metretum</strong></span> <span class='ocrx_word' id='word_1_119' title='bbox 1045 1822 1116 1888; x_wconf 86' lang='lat' dir='ltr'><strong>euri</strong></span> <span class='ocrx_word' id='word_1_120' title='bbox 1127 1834 1160 1888; x_wconf 84' lang='lat' dir='ltr'><strong>et</strong></span> <span class='ocrx_word' id='word_1_121' title='bbox 1173 1844 1224 1888; x_wconf 63' lang='lat' dir='ltr'><strong>ars</strong></span> 
     </span>
     <span class='ocr_line' id='line_1_19' title="bbox 123 1905 1223 1996; baseline 0.002 -24"><span class='ocrx_word' id='word_1_122' title='bbox 123 1908 214 1996; x_wconf 82' lang='lat' dir='ltr'><strong>genti</strong></span> <span class='ocrx_word' id='word_1_123' title='bbox 226 1908 343 1993; x_wconf 79' lang='lat' dir='ltr'><strong>pretio,</strong></span> <span class='ocrx_word' id='word_1_124' title='bbox 359 1907 400 1972; x_wconf 80' lang='lat' dir='ltr'><strong>ud</strong></span> <span class='ocrx_word' id='word_1_125' title='bbox 410 1905 489 1974; x_wconf 92' lang='lat' dir='ltr'><strong>illud</strong></span> <span class='ocrx_word' id='word_1_126' title='bbox 505 1907 647 1993; x_wconf 84' lang='lat' dir='ltr'><strong>pondere</strong></span> <span class='ocrx_word' id='word_1_127' title='bbox 662 1908 777 1994; x_wconf 76' lang='lat' dir='ltr'><strong>quaein</strong></span> <span class='ocrx_word' id='word_1_128' title='bbox 790 1908 874 1974; x_wconf 88' lang='lat' dir='ltr'><strong>notis</strong></span> <span class='ocrx_word' id='word_1_129' title='bbox 884 1908 1001 1974; x_wconf 89' lang='lat' dir='ltr'><strong>nostris</strong></span> <span class='ocrx_word' id='word_1_130' title='bbox 1016 1930 1165 1995; x_wconf 76' lang='lat' dir='ltr'><strong>expresse</strong></span> <span class='ocrx_word' id='word_1_131' title='bbox 1175 1930 1223 1974; x_wconf 77' lang='lat' dir='ltr'><strong>re·</strong></span> 
     </span>
     <span class='ocr_line' id='line_1_20' title="bbox 124 1994 420 2082; baseline -0.007 -23"><span class='ocrx_word' id='word_1_132' title='bbox 124 1994 268 2080; x_wconf 83' lang='lat' dir='ltr'><strong>pererint</strong></span> <span class='ocrx_word' id='word_1_133' title='bbox 283 1994 420 2082; x_wconf 80' lang='lat' dir='ltr'><strong>exigere.</strong></span> 
     </span>
    </p>

    <p class='ocr_par' dir='ltr' id='par_1_10' title="bbox 123 2078 1351 2334">
     <span class='ocr_line' id='line_1_21' title="bbox 167 2078 1351 2168; baseline -0.002 -20"><span class='ocrx_word' id='word_1_134' title='bbox 167 2083 322 2165; x_wconf 83' lang='lat' dir='ltr'><strong>Superest</strong></span> <span class='ocrx_word' id='word_1_135' title='bbox 335 2093 369 2145; x_wconf 90' lang='lat' dir='ltr'><strong>ut</strong></span> <span class='ocrx_word' id='word_1_136' title='bbox 383 2080 504 2165; x_wconf 79' lang='lat' dir='ltr'><strong>aliquid</strong></span> <span class='ocrx_word' id='word_1_137' title='bbox 514 2078 555 2144; x_wconf 90' lang='lat' dir='ltr'><strong>de</strong></span> <span class='ocrx_word' id='word_1_138' title='bbox 567 2081 720 2149; x_wconf 76' lang='lat' dir='ltr'><strong>mensuris</strong></span> <span class='ocrx_word' id='word_1_139' title='bbox 728 2081 832 2168; x_wconf 84' lang='lat' dir='ltr'><strong>longis</strong></span> <span class='ocrx_word' id='word_1_140' title='bbox 842 2091 874 2146; x_wconf 91' lang='lat' dir='ltr'><strong>et</strong></span> <span class='ocrx_word' id='word_1_141' title='bbox 883 2082 965 2147; x_wconf 77' lang='lat' dir='ltr'><strong>cavis</strong></span> <span class='ocrx_word' id='word_1_142' title='bbox 976 2078 1113 2148; x_wconf 86' lang='lat' dir='ltr'><strong>breviter</strong></span> <span class='ocrx_word' id='word_1_143' title='bbox 1123 2082 1222 2148; x_wconf 84' lang='lat' dir='ltr'><strong>disse-</strong></span> <span class='ocrx_word' id='word_1_144' title='bbox 1230 2097 1272 2144; x_wconf 78' lang='lat' dir='ltr'><strong>ns</strong></span> <span class='ocrx_word' id='word_1_145' title='bbox 1285 2110 1351 2146; x_wconf 74' lang='lat' dir='ltr'><strong>nun-</strong></span> 
     </span>
     <span class='ocr_line' id='line_1_22' title="bbox 124 2165 1316 2253; baseline 0 -21"><span class='ocrx_word' id='word_1_146' title='bbox 124 2190 243 2234; x_wconf 83' lang='lat' dir='ltr'><strong>remus.</strong></span> <span class='ocrx_word' id='word_1_147' title='bbox 289 2167 422 2231; x_wconf 90' lang='lat' dir='ltr'><strong>Initium</strong></span> <span class='ocrx_word' id='word_1_148' title='bbox 430 2166 510 2230; x_wconf 83' lang='lat' dir='ltr'><strong>hicn</strong></span> <span class='ocrx_word' id='word_1_149' title='bbox 524 2166 615 2251; x_wconf 89' lang='lat' dir='ltr'><strong>pede,</strong></span> <span class='ocrx_word' id='word_1_150' title='bbox 626 2167 895 2252; x_wconf 77' lang='lat' dir='ltr'><strong>quemadmodum</strong></span> <span class='ocrx_word' id='word_1_151' title='bbox 907 2165 939 2232; x_wconf 91' lang='lat' dir='ltr'><strong>in</strong></span> <span class='ocrx_word' id='word_1_152' title='bbox 949 2169 1144 2253; x_wconf 85' lang='lat' dir='ltr'><strong>ponderibus</strong></span> <span class='ocrx_word' id='word_1_153' title='bbox 1156 2185 1174 2234; x_wconf 82' lang='lat' dir='ltr'><strong>e</strong></span> <span class='ocrx_word' id='word_1_154' title='bbox 1185 2169 1223 2233; x_wconf 93' lang='lat' dir='ltr'><strong>li·</strong></span> <span class='ocrx_word' id='word_1_155' title='bbox 1232 2175 1316 2210; x_wconf 62' lang='lat'><strong>⁸⁰⁸¹*</strong></span> 
     </span>
     <span class='ocr_line' id='line_1_23' title="bbox 123 2252 537 2334; baseline -0.01 -12"><span class='ocrx_word' id='word_1_156' title='bbox 123 2257 191 2334; x_wconf 81' lang='lat' dir='ltr'><strong>bru,</strong></span> <span class='ocrx_word' id='word_1_157' title='bbox 205 2253 387 2318; x_wconf 81' lang='lat' dir='ltr'><strong>faciendum</strong></span> <span class='ocrx_word' id='word_1_158' title='bbox 402 2252 537 2318; x_wconf 86' lang='lat' dir='ltr'><strong>videtur.</strong></span> 
     </span>
    </p>

    <p class='ocr_par' dir='ltr' id='par_1_11' title="bbox 122 2337 1378 3552">
     <span class='ocr_line' id='line_1_24' title="bbox 165 2337 1378 2426; baseline -0.002 -20"><span class='ocrx_word' id='word_1_159' title='bbox 165 2342 230 2407; x_wconf 87' lang='lat' dir='ltr'><strong>Pes</strong></span> <span class='ocrx_word' id='word_1_160' title='bbox 247 2341 412 2404; x_wconf 79' lang='lat' dir='ltr'><strong>Romanus</strong></span> <span class='ocrx_word' id='word_1_161' title='bbox 428 2339 629 2425; x_wconf 80' lang='lat' dir='ltr'><strong>Capitolium</strong></span> <span class='ocrx_word' id='word_1_162' title='bbox 652 2339 693 2404; x_wconf 81' lang='lat' dir='ltr'><strong>ub</strong></span> <span class='ocrx_word' id='word_1_163' title='bbox 707 2337 957 2426; x_wconf 76' lang='lat' dir='ltr'><strong>diligentissimis</strong></span> <span class='ocrx_word' id='word_1_164' title='bbox 979 2337 1092 2404; x_wconf 84' lang='lat' dir='ltr'><strong>tellum</strong></span> <span class='ocrx_word' id='word_1_165' title='bbox 1114 2363 1220 2406; x_wconf 85' lang='lat' dir='ltr'><strong>rernm</strong></span> <span class='ocrx_word' id='word_1_166' title='bbox 1231 2347 1378 2405; x_wconf 74' lang='lat' dir='ltr'><strong>resnomr-&#39;</strong></span> 
     </span>
     <span class='ocr_line' id='line_1_25' title="bbox 123 2423 1363 2516; baseline -0.001 -24"><span class='ocrx_word' id='word_1_167' title='bbox 123 2427 377 2516; x_wconf 71' lang='lat' dir='ltr'><strong>indagatoribus,</strong></span> <span class='ocrx_word' id='word_1_168' title='bbox 393 2426 447 2490; x_wconf 88' lang='lat' dir='ltr'><strong>sed</strong></span> <span class='ocrx_word' id='word_1_169' title='bbox 463 2439 495 2492; x_wconf 87' lang='lat' dir='ltr'><strong>et</strong></span> <span class='ocrx_word' id='word_1_170' title='bbox 506 2423 808 2492; x_wconf 77' lang='lat' dir='ltr'><strong>Mathematicarum</strong></span> <span class='ocrx_word' id='word_1_171' title='bbox 817 2425 1057 2511; x_wconf 80' lang='lat' dir='ltr'><strong>disciplinarum</strong></span> <span class='ocrx_word' id='word_1_172' title='bbox 1071 2428 1222 2512; x_wconf 83' lang='lat' dir='ltr'><strong>peritissi·</strong></span> <span class='ocrx_word' id='word_1_173' title='bbox 1231 2437 1277 2499; x_wconf 63' lang='grc' dir='ltr'><strong>ΠΡ*</strong></span> <span class='ocrx_word' id='word_1_174' title='bbox 1289 2423 1363 2469; x_wconf 58' lang='lat' dir='ltr'><strong>unte</strong></span> 
     </span>
     <span class='ocr_line' id='line_1_26' title="bbox 124 2490 1342 2613; baseline -0.003 -33"><span class='ocrx_word' id='word_1_175' title='bbox 124 2516 183 2580; x_wconf 89' lang='lat' dir='ltr'><strong>mis</strong></span> <span class='ocrx_word' id='word_1_176' title='bbox 199 2515 286 2590; x_wconf 83' lang='lat' dir='ltr'><strong>viris,</strong></span> <span class='ocrx_word' id='word_1_177' title='bbox 301 2513 439 2584; x_wconf 79' lang='lat' dir='ltr'><strong>Picerdo</strong></span> <span class='ocrx_word' id='word_1_178' title='bbox 453 2526 485 2577; x_wconf 91' lang='lat' dir='ltr'><strong>et</strong></span> <span class='ocrx_word' id='word_1_179' title='bbox 501 2512 651 2589; x_wconf 82' lang='lat' dir='ltr'><strong>Auzntio,</strong></span> <span class='ocrx_word' id='word_1_180' title='bbox 667 2533 867 2598; x_wconf 82' lang='lat' dir='ltr'><strong>magnacum</strong></span> <span class='ocrx_word' id='word_1_181' title='bbox 880 2513 1161 2589; x_wconf 83' lang='lat' dir='ltr'><strong>cureobservatus,</strong></span> <span class='ocrx_word' id='word_1_182' title='bbox 1173 2490 1342 2613; x_wconf 40' lang='lat' dir='ltr'><strong>in-{sssslfhffu‘g¹</strong></span> 
     </span>
     <span class='ocr_line' id='line_1_27' title="bbox 123 2597 1303 2685; baseline 0.002 -21"><span class='ocrx_word' id='word_1_183' title='bbox 123 2615 237 2668; x_wconf 77' lang='lat' dir='ltr'><strong>ventur</strong></span> <span class='ocrx_word' id='word_1_184' title='bbox 251 2611 299 2666; x_wconf 87' lang='lat' dir='ltr'><strong>est</strong></span> <span class='ocrx_word' id='word_1_185' title='bbox 308 2611 417 2684; x_wconf 86' lang='lat' dir='ltr'><strong>portes</strong></span> <span class='ocrx_word' id='word_1_186' title='bbox 431 2599 550 2664; x_wconf 83' lang='lat' dir='ltr'><strong>hebere</strong></span> <span class='ocrx_word' id='word_1_187' title='bbox 564 2607 639 2665; x_wconf 74' lang='lat'><strong>659.</strong></span> <span class='ocrx_word' id='word_1_188' title='bbox 653 2597 805 2682; x_wconf 56' lang='lat' dir='ltr'><strong>reldfitll.</strong></span> <span class='ocrx_word' id='word_1_189' title='bbox 821 2599 929 2685; x_wconf 82' lang='lat' dir='ltr'><strong>quales</strong></span> <span class='ocrx_word' id='word_1_190' title='bbox 942 2622 998 2685; x_wconf 85' lang='lat' dir='ltr'><strong>pes</strong></span> <span class='ocrx_word' id='word_1_191' title='bbox 1009 2612 1117 2665; x_wconf 85' lang='lat' dir='ltr'><strong>noster</strong></span> <span class='ocrx_word' id='word_1_192' title='bbox 1133 2600 1221 2665; x_wconf 88' lang='lat' dir='ltr'><strong>Peri·</strong></span> <span class='ocrx_word' id='word_1_193' title='bbox 1230 2620 1303 2666; x_wconf 70' lang='lat' dir='ltr'><strong>Pane</strong></span> 
     </span>
     <span class='ocr_line' id='line_1_28' title="bbox 122 2685 1224 2773; baseline -0.002 -19"><span class='ocrx_word' id='word_1_194' title='bbox 122 2687 233 2754; x_wconf 75' lang='lat' dir='ltr'><strong>tiendo</strong></span> <span class='ocrx_word' id='word_1_195' title='bbox 247 2685 347 2752; x_wconf 84' lang='lat' dir='ltr'><strong>hebet</strong></span> <span class='ocrx_word' id='word_1_196' title='bbox 361 2693 442 2754; x_wconf 74' lang='lat'><strong>720:</strong></span> <span class='ocrx_word' id='word_1_197' title='bbox 465 2707 503 2750; x_wconf 84' lang='lat' dir='ltr'><strong>ac</strong></span> <span class='ocrx_word' id='word_1_198' title='bbox 517 2685 654 2770; x_wconf 86' lang='lat' dir='ltr'><strong>proinde</strong></span> <span class='ocrx_word' id='word_1_199' title='bbox 667 2705 733 2750; x_wconf 93' lang='lat' dir='ltr'><strong>non</strong></span> <span class='ocrx_word' id='word_1_200' title='bbox 746 2697 830 2752; x_wconf 82' lang='lat' dir='ltr'><strong>totce</strong></span> <span class='ocrx_word' id='word_1_201' title='bbox 843 2686 962 2752; x_wconf 79' lang='lat' dir='ltr'><strong>habere</strong></span> <span class='ocrx_word' id='word_1_202' title='bbox 973 2686 1121 2752; x_wconf 81' lang='lat' dir='ltr'><strong>undecim</strong></span> <span class='ocrx_word' id='word_1_203' title='bbox 1130 2689 1224 2773; x_wconf 88' lang='lat' dir='ltr'><strong>polli-</strong></span> 
     </span>
     <span class='ocr_line' id='line_1_29' title="bbox 123 2772 1224 2859; baseline 0 -19"><span class='ocrx_word' id='word_1_204' title='bbox 123 2797 174 2840; x_wconf 86' lang='lat' dir='ltr'><strong>ces</strong></span> <span class='ocrx_word' id='word_1_205' title='bbox 190 2774 395 2850; x_wconf 81' lang='lat' dir='ltr'><strong>Purisienses,</strong></span> <span class='ocrx_word' id='word_1_206' title='bbox 406 2773 549 2858; x_wconf 81' lang='lat' dir='ltr'><strong>quemvis</strong></span> <span class='ocrx_word' id='word_1_207' title='bbox 563 2772 604 2837; x_wconf 86' lang='lat' dir='ltr'><strong>ub</strong></span> <span class='ocrx_word' id='word_1_208' title='bbox 617 2773 658 2838; x_wconf 83' lang='lat' dir='ltr'><strong>iis</strong></span> <span class='ocrx_word' id='word_1_209' title='bbox 674 2791 787 2857; x_wconf 86' lang='lat' dir='ltr'><strong>purum</strong></span> <span class='ocrx_word' id='word_1_210' title='bbox 803 2774 896 2852; x_wconf 83' lang='lat' dir='ltr'><strong>obsit,</strong></span> <span class='ocrx_word' id='word_1_211' title='bbox 912 2795 1028 2859; x_wconf 88' lang='lat' dir='ltr'><strong>nempe</strong></span> <span class='ocrx_word' id='word_1_212' title='bbox 1043 2774 1139 2859; x_wconf 83' lang='lat' dir='ltr'><strong>paulo</strong></span> <span class='ocrx_word' id='word_1_213' title='bbox 1153 2774 1224 2858; x_wconf 83' lang='lat' dir='ltr'><strong>plus</strong></span> 
     </span>
     <span class='ocr_line' id='line_1_30' title="bbox 123 2858 1224 2945; baseline -0.002 -17"><span class='ocrx_word' id='word_1_214' title='bbox 123 2883 190 2928; x_wconf 79' lang='lat' dir='ltr'><strong>unu</strong></span> <span class='ocrx_word' id='word_1_215' title='bbox 210 2859 337 2924; x_wconf 78' lang='lat' dir='ltr'><strong>decime</strong></span> <span class='ocrx_word' id='word_1_216' title='bbox 358 2858 482 2945; x_wconf 79' lang='lat' dir='ltr'><strong>pollicis</strong></span> <span class='ocrx_word' id='word_1_217' title='bbox 502 2873 601 2943; x_wconf 84' lang='lat' dir='ltr'><strong>parte.</strong></span> <span class='ocrx_word' id='word_1_218' title='bbox 647 2861 721 2924; x_wconf 90' lang='lat' dir='ltr'><strong>Hoc</strong></span> <span class='ocrx_word' id='word_1_219' title='bbox 742 2859 912 2926; x_wconf 88' lang='lat' dir='ltr'><strong>discrimen</strong></span> <span class='ocrx_word' id='word_1_220' title='bbox 933 2862 1017 2924; x_wconf 89' lang='lat' dir='ltr'><strong>inter</strong></span> <span class='ocrx_word' id='word_1_221' title='bbox 1041 2863 1224 2926; x_wconf 83' lang='lat' dir='ltr'><strong>Romanum</strong></span> 
     </span>
     <span class='ocr_line' id='line_1_31' title="bbox 125 2945 1224 3033; baseline -0.002 -19"><span class='ocrx_word' id='word_1_222' title='bbox 125 2960 364 3031; x_wconf 77' lang='lat' dir='ltr'><strong>nuetrmemquc</strong></span> <span class='ocrx_word' id='word_1_223' title='bbox 375 2945 470 3030; x_wconf 81' lang='lat' dir='ltr'><strong>pedes</strong></span> <span class='ocrx_word' id='word_1_224' title='bbox 481 2945 569 3010; x_wconf 82' lang='lat' dir='ltr'><strong>haud</strong></span> <span class='ocrx_word' id='word_1_225' title='bbox 577 2969 652 3012; x_wconf 85' lang='lat' dir='ltr'><strong>uene</strong></span> <span class='ocrx_word' id='word_1_226' title='bbox 660 2967 794 3032; x_wconf 85' lang='lat' dir='ltr'><strong>parvum</strong></span> <span class='ocrx_word' id='word_1_227' title='bbox 806 2961 863 3012; x_wconf 90' lang='lat' dir='ltr'><strong>est.</strong></span> <span class='ocrx_word' id='word_1_228' title='bbox 893 2947 1017 3012; x_wconf 82' lang='lat' dir='ltr'><strong>Temen</strong></span> <span class='ocrx_word' id='word_1_229' title='bbox 1029 2947 1143 3033; x_wconf 88' lang='lat' dir='ltr'><strong>pedem</strong></span> <span class='ocrx_word' id='word_1_230' title='bbox 1157 2949 1224 3012; x_wconf 64' lang='lat' dir='ltr'><strong>Ros</strong></span> 
     </span>
     <span class='ocr_line' id='line_1_32' title="bbox 124 3033 1225 3122; baseline 0.001 -23"><span class='ocrx_word' id='word_1_231' title='bbox 124 3056 267 3110; x_wconf 83' lang='lat' dir='ltr'><strong>menum,</strong></span> <span class='ocrx_word' id='word_1_232' title='bbox 285 3046 317 3096; x_wconf 88' lang='lat' dir='ltr'><strong>et</strong></span> <span class='ocrx_word' id='word_1_233' title='bbox 331 3034 397 3118; x_wconf 85' lang='lat' dir='ltr'><strong>ojus</strong></span> <span class='ocrx_word' id='word_1_234' title='bbox 411 3044 531 3118; x_wconf 79' lang='lat' dir='ltr'><strong>portes,</strong></span> <span class='ocrx_word' id='word_1_235' title='bbox 539 3046 570 3097; x_wconf 89' lang='lat' dir='ltr'><strong>et</strong></span> <span class='ocrx_word' id='word_1_236' title='bbox 584 3033 716 3098; x_wconf 89' lang='lat' dir='ltr'><strong>omnino</strong></span> <span class='ocrx_word' id='word_1_237' title='bbox 726 3053 888 3100; x_wconf 82' lang='lat' dir='ltr'><strong>mensures</strong></span> <span class='ocrx_word' id='word_1_238' title='bbox 902 3034 1151 3122; x_wconf 77' lang='lat' dir='ltr'><strong>longee,prreter</strong></span> <span class='ocrx_word' id='word_1_239' title='bbox 1162 3047 1225 3100; x_wconf 80' lang='lat' dir='ltr'><strong>sto-</strong></span> 
     </span>
     <span class='ocr_line' id='line_1_33' title="bbox 125 3118 1226 3206; baseline -0.002 -18"><span class='ocrx_word' id='word_1_240' title='bbox 125 3122 215 3188; x_wconf 83' lang='lat' dir='ltr'><strong>dimu</strong></span> <span class='ocrx_word' id='word_1_241' title='bbox 224 3134 257 3184; x_wconf 86' lang='lat' dir='ltr'><strong>et</strong></span> <span class='ocrx_word' id='word_1_242' title='bbox 267 3118 413 3197; x_wconf 83' lang='lat' dir='ltr'><strong>milliare,</strong></span> <span class='ocrx_word' id='word_1_243' title='bbox 429 3120 471 3184; x_wconf 82' lang='lat' dir='ltr'><strong>nd</strong></span> <span class='ocrx_word' id='word_1_244' title='bbox 485 3120 585 3184; x_wconf 89' lang='lat' dir='ltr'><strong>nostri</strong></span> <span class='ocrx_word' id='word_1_245' title='bbox 599 3118 689 3204; x_wconf 87' lang='lat' dir='ltr'><strong>pedis</strong></span> <span class='ocrx_word' id='word_1_246' title='bbox 704 3121 783 3206; x_wconf 82' lang='lat' dir='ltr'><strong>regii</strong></span> <span class='ocrx_word' id='word_1_247' title='bbox 795 3120 925 3185; x_wconf 89' lang='lat' dir='ltr'><strong>modum</strong></span> <span class='ocrx_word' id='word_1_248' title='bbox 937 3143 1084 3186; x_wconf 84' lang='lat' dir='ltr'><strong>revocure</strong></span> <span class='ocrx_word' id='word_1_249' title='bbox 1098 3121 1132 3186; x_wconf 91' lang='lat' dir='ltr'><strong>in</strong></span> <span class='ocrx_word' id='word_1_250' title='bbox 1141 3124 1226 3186; x_wconf 85' lang='lat' dir='ltr'><strong>notis</strong></span> 
     </span>
     <span class='ocr_line' id='line_1_34' title="bbox 125 3205 1225 3360; baseline 0.002 -89"><span class='ocrx_word' id='word_1_251' title='bbox 125 3207 339 3360; x_wconf 48' lang='lat' dir='ltr'><strong>nffeximus,</strong></span> <span class='ocrx_word' id='word_1_252' title='bbox 356 3218 524 3292; x_wconf 84' lang='lat' dir='ltr'><strong>propterea</strong></span> <span class='ocrx_word' id='word_1_253' title='bbox 539 3206 627 3292; x_wconf 88' lang='lat' dir='ltr'><strong>quod</strong></span> <span class='ocrx_word' id='word_1_254' title='bbox 641 3227 700 3270; x_wconf 90' lang='lat' dir='ltr'><strong>nec</strong></span> <span class='ocrx_word' id='word_1_255' title='bbox 715 3205 795 3270; x_wconf 82' lang='lat' dir='ltr'><strong>tenti</strong></span> <span class='ocrx_word' id='word_1_256' title='bbox 809 3229 877 3272; x_wconf 83' lang='lat' dir='ltr'><strong>esse</strong></span> <span class='ocrx_word' id='word_1_257' title='bbox 887 3207 989 3272; x_wconf 87' lang='lat' dir='ltr'><strong>viuum</strong></span> <span class='ocrx_word' id='word_1_258' title='bbox 1005 3220 1061 3286; x_wconf 86' lang='lat' dir='ltr'><strong>est,</strong></span> <span class='ocrx_word' id='word_1_259' title='bbox 1072 3221 1103 3272; x_wconf 90' lang='lat' dir='ltr'><strong>et</strong></span> <span class='ocrx_word' id='word_1_260' title='bbox 1114 3215 1165 3273; x_wconf 82' lang='lat' dir='ltr'><strong>&#39;res</strong></span> <span class='ocrx_word' id='word_1_261' title='bbox 1179 3208 1225 3273; x_wconf 85' lang='lat' dir='ltr'><strong>fe&#39;·</strong></span> 
     </span>
     <span class='ocr_line' id='line_1_35' title="bbox 125 3315 1336 3366; baseline 0.004 -5"><span class='ocrx_word' id='word_1_262' title='bbox 125 3317 154 3361; x_wconf 88' lang='lat' dir='ltr'><strong>cr</strong></span> <span class='ocrx_word' id='word_1_263' title='bbox 191 3315 255 3360; x_wconf 84' lang='lat' dir='ltr'><strong>me.</strong></span> <span class='ocrx_word' id='word_1_264' title='bbox 812 3349 815 3360; x_wconf 93' lang='lat'>.</span> <span class='ocrx_word' id='word_1_265' title='bbox 1334 3359 1336 3366; x_wconf 82' lang='grc'>,</span> 
     </span>
     <span class='ocr_line' id='line_1_36' title="bbox 169 3379 1302 3466; baseline -0.002 -18"><span class='ocrx_word' id='word_1_266' title='bbox 169 3380 235 3448; x_wconf 87' lang='lat' dir='ltr'><strong>Sed</strong></span> <span class='ocrx_word' id='word_1_267' title='bbox 250 3401 359 3464; x_wconf 78' lang='lat' dir='ltr'><strong>operte</strong></span> <span class='ocrx_word' id='word_1_268' title='bbox 368 3379 507 3464; x_wconf 84' lang='lat' dir='ltr'><strong>pretium</strong></span> <span class='ocrx_word' id='word_1_269' title='bbox 518 3391 565 3446; x_wconf 87' lang='lat' dir='ltr'><strong>est</strong></span> <span class='ocrx_word' id='word_1_270' title='bbox 575 3399 667 3444; x_wconf 87' lang='lat' dir='ltr'><strong>nosse</strong></span> <span class='ocrx_word' id='word_1_271' title='bbox 677 3401 773 3464; x_wconf 87' lang='lat' dir='ltr'><strong>quum</strong></span> <span class='ocrx_word' id='word_1_272' title='bbox 784 3379 942 3446; x_wconf 80' lang='lat' dir='ltr'><strong>sotionem</strong></span> <span class='ocrx_word' id='word_1_273' title='bbox 953 3379 1107 3446; x_wconf 81' lang='lat' dir='ltr'><strong>heberent</strong></span> <span class='ocrx_word' id='word_1_274' title='bbox 1116 3380 1158 3445; x_wconf 82' lang='lat' dir='ltr'><strong>cd</strong></span> <span class='ocrx_word' id='word_1_275' title='bbox 1170 3403 1224 3466; x_wconf 85' lang='lat' dir='ltr'><strong>pe-</strong></span> <span class='ocrx_word' id='word_1_276' title='bbox 1298 3392 1302 3400; x_wconf 86' lang='lat'>&#39;</span> 
     </span>
     <span class='ocr_line' id='line_1_37' title="bbox 125 3466 1001 3552; baseline -0.003 -19"><span class='ocrx_word' id='word_1_277' title='bbox 125 3469 196 3534; x_wconf 91' lang='lat' dir='ltr'><strong>dem</strong></span> <span class='ocrx_word' id='word_1_278' title='bbox 214 3478 328 3532; x_wconf 87' lang='lat' dir='ltr'><strong>ceterae</strong></span> <span class='ocrx_word' id='word_1_279' title='bbox 343 3466 545 3552; x_wconf 77' lang='lat' dir='ltr'><strong>antiquorum</strong></span> <span class='ocrx_word' id='word_1_280' title='bbox 561 3486 729 3531; x_wconf 84' lang='lat' dir='ltr'><strong>mensurae.</strong></span> <span class='ocrx_word' id='word_1_281' title='bbox 997 3521 1001 3530; x_wconf 87' lang='lat'><em>.</em></span> 
     </span>
    </p>

    <p class='ocr_par' dir='ltr' id='par_1_12' title="bbox 125 3547 1364 3725">
     <span class='ocr_line' id='line_1_38' title="bbox 168 3547 1364 3642; baseline -0.005 -23"><span class='ocrx_word' id='word_1_282' title='bbox 168 3555 233 3619; x_wconf 83' lang='lat' dir='ltr'><strong>Per</strong></span> <span class='ocrx_word' id='word_1_283' title='bbox 248 3553 415 3618; x_wconf 77' lang='lat' dir='ltr'><strong>Romanus</strong></span> <span class='ocrx_word' id='word_1_284' title='bbox 431 3553 585 3618; x_wconf 87' lang='lat' dir='ltr'><strong>dividitur</strong></span> <span class='ocrx_word' id='word_1_285' title='bbox 606 3553 641 3616; x_wconf 89' lang='lat' dir='ltr'><strong>in</strong></span> <span class='ocrx_word' id='word_1_286' title='bbox 656 3561 794 3638; x_wconf 86' lang='lat' dir='ltr'><strong>que&#39;tuor</strong></span> <span class='ocrx_word' id='word_1_287' title='bbox 808 3552 942 3637; x_wconf 79' lang='lat' dir='ltr'><strong>palmos,</strong></span> <span class='ocrx_word' id='word_1_288' title='bbox 963 3553 1134 3618; x_wconf 84' lang='lat' dir='ltr'><strong>duodecim</strong></span> <span class='ocrx_word' id='word_1_289' title='bbox 1154 3556 1223 3638; x_wconf 87' lang='lat' dir='ltr'><strong>pol-</strong></span> <span class='ocrx_word' id='word_1_290' title='bbox 1233 3547 1364 3642; x_wconf 69' lang='lat' dir='ltr'><strong>reris&#39;nu·</strong></span> 
     </span>
     <span class='ocr_line' id='line_1_39' title="bbox 125 3639 1361 3725; baseline -0.002 -17"><span class='ocrx_word' id='word_1_291' title='bbox 125 3641 210 3719; x_wconf 65' lang='lat' dir='ltr'><strong>lica,</strong></span> <span class='ocrx_word' id='word_1_292' title='bbox 227 3639 504 3725; x_wconf 75' lang='lat' dir='ltr'><strong>digitossedecim.</strong></span> <span class='ocrx_word' id='word_1_293' title='bbox 1231 3645 1361 3694; x_wconf 68' lang='lat' dir='ltr'><strong>mamper·</strong></span> 
     </span>
    </p>

    <p class='ocr_par' dir='ltr' id='par_1_13' title="bbox 123 3703 1386 3988">
     <span class='ocr_line' id='line_1_40' title="bbox 167 3703 1386 3820; baseline -0.004 -26"><span class='ocrx_word' id='word_1_294' title='bbox 167 3727 316 3802; x_wconf 79' lang='lat' dir='ltr'><strong>Cubitus,</strong></span> <span class='ocrx_word' id='word_1_295' title='bbox 331 3726 365 3789; x_wconf 89' lang='lat' dir='ltr'><strong>in</strong></span> <span class='ocrx_word' id='word_1_296' title='bbox 381 3725 461 3790; x_wconf 87' lang='lat' dir='ltr'><strong>dues</strong></span> <span class='ocrx_word' id='word_1_297' title='bbox 474 3725 659 3811; x_wconf 74' lang='lat' dir='ltr'><strong>spithamas,</strong></span> <span class='ocrx_word' id='word_1_298' title='bbox 674 3748 728 3792; x_wconf 83' lang='lat' dir='ltr'><strong>serr</strong></span> <span class='ocrx_word' id='word_1_299' title='bbox 744 3725 877 3810; x_wconf 79' lang='lat' dir='ltr'><strong>palmos,</strong></span> <span class='ocrx_word' id='word_1_300' title='bbox 891 3725 1002 3790; x_wconf 89' lang='lat' dir='ltr'><strong>decem</strong></span> <span class='ocrx_word' id='word_1_301' title='bbox 1017 3738 1049 3790; x_wconf 85' lang='lat' dir='ltr'><strong>et</strong></span> <span class='ocrx_word' id='word_1_302' title='bbox 1063 3737 1139 3789; x_wconf 83' lang='lat' dir='ltr'><strong>octo</strong></span> <span class='ocrx_word' id='word_1_303' title='bbox 1151 3703 1332 3810; x_wconf 54' lang='lat' dir='ltr'><strong>pol-‘&#39;C‘Jffl„</strong></span> <span class='ocrx_word' id='word_1_304' title='bbox 1344 3775 1386 3820; x_wconf 64' lang='lat' dir='ltr'><strong>p„</strong></span> 
     </span>
     <span class='ocr_line' id='line_1_41' title="bbox 123 3813 1374 3988; baseline -0.002 -110"><span class='ocrx_word' id='word_1_305' title='bbox 123 3816 210 3988; x_wconf 48' lang='lat' dir='ltr'><strong>llige,</strong></span> <span class='ocrx_word' id='word_1_306' title='bbox 227 3824 406 3900; x_wconf 82' lang='lat' dir='ltr'><strong>quatuoret</strong></span> <span class='ocrx_word' id='word_1_307' title='bbox 420 3813 532 3900; x_wconf 78' lang='lat' dir='ltr'><strong>viginti</strong></span> <span class='ocrx_word' id='word_1_308' title='bbox 542 3813 672 3900; x_wconf 80' lang='lat' dir='ltr'><strong>digitos.</strong></span> <span class='ocrx_word' id='word_1_309' title='bbox 700 3814 812 3900; x_wconf 76' lang='lat' dir='ltr'><strong>ltaque</strong></span> <span class='ocrx_word' id='word_1_310' title='bbox 821 3813 946 3878; x_wconf 86' lang='lat' dir='ltr'><strong>cubitus</strong></span> <span class='ocrx_word' id='word_1_311' title='bbox 956 3834 1015 3897; x_wconf 85' lang='lat' dir='ltr'><strong>por</strong></span> <span class='ocrx_word' id='word_1_312' title='bbox 1026 3814 1222 3900; x_wconf 83' lang='lat' dir='ltr'><strong>erarsesqui·</strong></span> <span class='ocrx_word' id='word_1_313' title='bbox 1232 3827 1374 3890; x_wconf 68' lang='lat' dir='ltr'><strong>sequipedi.</strong></span> 
     </span>
    </p>

    <p class='ocr_par' dir='ltr' id='par_1_14' title="bbox 189 3923 200 3966">
     <span class='ocr_line' id='line_1_42' title="bbox 189 3923 200 3966; baseline 0 0"><span class='ocrx_word' id='word_1_314' title='bbox 189 3923 200 3966; x_wconf 91' lang='lat' dir='ltr'><strong>r</strong></span> 
     </span>
    </p>
   </div>
   <div class='ocr_carea' id='block_1_3' title="bbox 124 3983 1353 4336">
    <p class='ocr_par' dir='ltr' id='par_1_15' title="bbox 124 3983 1353 4174">
     <span class='ocr_line' id='line_1_43' title="bbox 165 3983 1353 4078; baseline -0.004 -23"><span class='ocrx_word' id='word_1_315' title='bbox 165 3989 324 4078; x_wconf 86' lang='lat' dir='ltr'><strong>Jugerum</strong></span> <span class='ocrx_word' id='word_1_316' title='bbox 340 3997 428 4052; x_wconf 86' lang='lat' dir='ltr'><strong>uetus</strong></span> <span class='ocrx_word' id='word_1_317' title='bbox 442 3985 523 4052; x_wconf 81' lang='lat' dir='ltr'><strong>duos</strong></span> <span class='ocrx_word' id='word_1_318' title='bbox 536 3985 711 4074; x_wconf 79' lang='lat' dir='ltr'><strong>quadratos</strong></span> <span class='ocrx_word' id='word_1_319' title='bbox 726 3985 919 4061; x_wconf 72' lang='lat' dir='ltr'><strong>destituebat,</strong></span> <span class='ocrx_word' id='word_1_320' title='bbox 936 4007 1075 4073; x_wconf 83' lang='lat' dir='ltr'><strong>quorum</strong></span> <span class='ocrx_word' id='word_1_321' title='bbox 1089 3983 1353 4073; x_wconf 71' lang='lat' dir='ltr'><strong>quilibotiugerum.</strong></span> 
     </span>
     <span class='ocr_line' id='line_1_44' title="bbox 124 4071 1224 4174; baseline -0.003 -33"><span class='ocrx_word' id='word_1_322' title='bbox 124 4087 253 4142; x_wconf 80' lang='lat' dir='ltr'><strong>centum</strong></span> <span class='ocrx_word' id='word_1_323' title='bbox 268 4087 303 4140; x_wconf 87' lang='lat' dir='ltr'><strong>et</strong></span> <span class='ocrx_word' id='word_1_324' title='bbox 315 4073 429 4162; x_wconf 78' lang='lat' dir='ltr'><strong>viginti</strong></span> <span class='ocrx_word' id='word_1_325' title='bbox 443 4073 540 4158; x_wconf 83' lang='lat' dir='ltr'><strong>podes</strong></span> <span class='ocrx_word' id='word_1_326' title='bbox 551 4093 802 4159; x_wconf 74' lang='lat' dir='ltr'><strong>quaquaversum</strong></span> <span class='ocrx_word' id='word_1_327' title='bbox 817 4072 965 4143; x_wconf 69' lang='lat' dir='ltr'><strong>babebat.</strong></span> <span class='ocrx_word' id='word_1_328' title='bbox 1010 4071 1124 4174; x_wconf 60' lang='lat' dir='ltr'><strong>ltarpre</strong></span> <span class='ocrx_word' id='word_1_329' title='bbox 1130 4076 1224 4162; x_wconf 81' lang='lat' dir='ltr'><strong>juge-</strong></span> 
     </span>
    </p>

    <p class='ocr_par' dir='ltr' id='par_1_16' title="bbox 125 4158 1222 4336">
     <span class='ocr_line' id='line_1_45' title="bbox 125 4158 1222 4249; baseline 0 -23"><span class='ocrx_word' id='word_1_330' title='bbox 125 4184 197 4228; x_wconf 87' lang='lat' dir='ltr'><strong>rum</strong></span> <span class='ocrx_word' id='word_1_331' title='bbox 213 4161 344 4249; x_wconf 80' lang='lat' dir='ltr'><strong>petebat</strong></span> <span class='ocrx_word' id='word_1_332' title='bbox 358 4161 512 4228; x_wconf 88' lang='lat' dir='ltr'><strong>ducentos</strong></span> <span class='ocrx_word' id='word_1_333' title='bbox 527 4159 739 4248; x_wconf 79' lang='lat' dir='ltr'><strong>qnadraginta</strong></span> <span class='ocrx_word' id='word_1_334' title='bbox 753 4159 785 4224; x_wconf 89' lang='lat' dir='ltr'><strong>in</strong></span> <span class='ocrx_word' id='word_1_335' title='bbox 800 4160 931 4248; x_wconf 79' lang='lat' dir='ltr'><strong>longum</strong></span> <span class='ocrx_word' id='word_1_336' title='bbox 952 4158 1060 4246; x_wconf 85' lang='lat' dir='ltr'><strong>pedes,</strong></span> <span class='ocrx_word' id='word_1_337' title='bbox 1075 4183 1109 4227; x_wconf 91' lang='lat' dir='ltr'><strong>m</strong></span> <span class='ocrx_word' id='word_1_338' title='bbox 1124 4161 1222 4226; x_wconf 85' lang='lat' dir='ltr'><strong>lutum</strong></span> 
     </span>
     <span class='ocr_line' id='line_1_46' title="bbox 126 4246 434 4336; baseline -0.01 -21"><span class='ocrx_word' id='word_1_339' title='bbox 126 4261 252 4318; x_wconf 68' lang='lat' dir='ltr'><strong>uocem</strong></span> <span class='ocrx_word' id='word_1_340' title='bbox 267 4261 301 4314; x_wconf 82' lang='lat' dir='ltr'><strong>er</strong></span> <span class='ocrx_word' id='word_1_341' title='bbox 314 4246 434 4336; x_wconf 80' lang='lat' dir='ltr'><strong>viginti.</strong></span> 
     </span>
    </p>
   </div>
   <div class='ocr_carea' id='block_1_4' title="bbox 0 0 1532 4976">
    <p class='ocr_par' dir='ltr' id='par_1_17' title="bbox 0 0 1532 4976">
     <span class='ocr_line' id='line_1_47' title="bbox 0 0 1532 4976; baseline 0 0"><span class='ocrx_word' id='word_1_342' title='bbox 0 0 1532 4976; x_wconf 95' lang='lat' dir='ltr'><strong> </strong></span> 
     </span>
    </p>
   </div>
  </div>
 </body>
</html>
