3154 4984
339 182 396 244 too
737 155 1020 244 n1'T1L1v11

173 359 202 410 u.
214 361 310 412 cusu
336 347 406 426 nti,
422 351 465 416 P.
480 348 612 427 Nosico,
640 357 670 414 et
694 347 872 433 quicumque
894 348 986 424 tuem,
1002 349 1142 431 quattu,
1163 349 1308 414 occultius
1321 365 1422 415 sense-

164 427 312 506 '⁴⁴*⁰·¹⁶⁸f
336 445 421 514 runt,
444 457 507 500 utun
525 435 684 520 gunoobor
704 434 833 498 redime
854 434 964 498 ottone
979 449 1097 520 pugne
1117 431 1280 500 tutionem.
1337 437 1422 502 Nom

336 532 456 588 tuntum
481 523 575 602 obest,
602 532 637 587 ut
650 539 697 586 me
710 523 859 585 hesternus
872 521 985 604 quietis
1003 522 1170 604 poenitent,
1190 531 1225 586 nt
1237 532 1388 588 setuututtt
1400 548 1422 588 n

329 611 557 674 ‘meeumitnm
580 608 956 673 communetotum
982 623 1044 691 qua
1069 621 1115 672 mc
1137 609 1284 692 opinione
1308 627 1424 674 essene
1474 683 1477 688 ,

337 698 408 782 quis
419 697 487 760 sinc
497 715 604 760 uuussu
630 693 759 760 uetitum
782 695 899 772 credet,
929 704 1133 778 recognoscat,
1148 697 1287 780 agedum,
1300 713 1422 775 meunt,

338 785 368 848 si
381 782 513 859 uidetur,
529 801 619 866 quum
631 783 727 845 muita
736 797 800 864 pro
814 780 898 844 hoste
912 790 942 844 et
956 783 1100 846 admotus
1114 797 1169 846 nos
1170 782 1311 866 sinerint.
1348 783 1423 851 Jum

339 872 471 934 onmium
490 871 635 952 primum,
659 867 835 952 1⁶quamtum
861 881 988 931 numero
1007 882 1062 932 uos
1084 877 1243 950 prestent,
1273 873 1423 934 neminem

340 956 467 1021 vestrim
481 975 536 1020 nco
546 966 620 1020 utute
635 957 802 1040 ignorasse,
818 964 848 1016 et
858 954 998 1018 hesterno
1012 952 1064 1018 die
1077 953 1290 1038 ¹⁶inpiicutom
1300 959 1423 1020 intuen-

339 1043 489 1108 tesacicm
504 1041 766 1118 animaduertisse,
782 1050 895 1104 certum
910 1041 1013 1104 trohen
1049 1040 1176 1106 licetine
1192 1052 1298 1106 nostru
1309 1043 1422 1126 punci-

340 1139 407 1194 tote
428 1139 541 1214 quattu
558 1147 641 1212 pots
660 1129 793 1192 'miiitum
805 1128 960 1214 proesidio
975 1129 1191 1210 inpedimentis
1205 1131 1314 1193 relicto
1330 1141 1421 1194 etot.-

340 1237 395 1280 nec
419 1217 647 1302 ignavissimum
666 1231 810 1300 quemque
829 1215 967 1297 relinqui
991 1216 1034 1276 oct
1047 1216 1214 1278 custodiam
1228 1218 1422 1280 succinorum

339 1305 434 1368 suitis.
478 1303 698 1389 Secificert'mns
712 1319 821 1364 omnes.
831 1315 965 1382 punctum
979 1301 1035 1364 icoc
1049 1303 1171 1364 tundent
1186 1319 1248 1366 esse
1262 1305 1421 1381 credimus,
1453 1339 1456 1342 ·

339 1392 422 1474 quod
435 1409 473 1454 cc
486 1391 666 1466 iiscostris,
683 1390 717 1452 t’n
740 1387 847 1472 quihus
874 1387 933 1450 hoc
955 1397 1042 1451 nocte
1066 1389 1239 1464 mansimus,
1256 1391 1372 1452 eoitnrt'
1387 1393 1423 1452 in

339 1479 436 1541 uoicm
447 1477 596 1540 hodierno
611 1487 665 1540 uui
678 1492 819 1539 mmmmm
834 1475 968 1536 crastino
983 1477 1043 1552 die,
1059 1475 1088 1538 si
1102 1477 1149 1537 itu
1164 1475 1327 1552 uidebitur,
1337 1474 1422 1540 'Diis

340 1561 613 1647 henejuooutibtm,
627 1566 749 1627 snmus?
775 1560 905 1624 Nihilne
919 1560 1056 1640 interest,
1071 1571 1172 1624 utrum
1184 1561 1320 1639 mititem,
1335 1581 1421 1647 quem

340 1651 506 1734 nequooiou
513 1651 602 1714 tuboe
616 1650 717 1724 hodie,
728 1661 824 1733 neque
835 1647 1139 1732 optrisflttignuerit,
1150 1650 1328 1732 requietum,
1340 1652 1421 1713 inte·-

336 1753 427 1822 gtnm
442 1737 477 1799 in
491 1739 625 1802 tuntotio
639 1755 693 1800 suo
707 1748 796 1798 ormo
810 1732 1047 1816 coquejuoeos
1064 1744 1155 1818 utque
1169 1735 1234 1798 ¹⁷iu
1249 1739 1344 1800 uot'tm
1351 1739 1422 1819 pie-

339 1845 411 1888 num
425 1825 547 1903 uirium,
563 1824 711 1910 uigetttem
727 1831 757 1884 et
769 1837 896 1904 conpore
917 1830 947 1882 et
972 1823 1076 1884 onimo
1101 1824 1239 1887 educas?
1262 1841 1305 1886 un
1327 1826 1422 1908 longo

339 1912 453 1977 itincre
451 1911 641 1994 fitigatum,
651 1919 682 1974 et
695 1927 787 1972 onere
788 1908 917 1991 fostun,
928 1910 1097 1970 nectentem
1109 1905 1228 1985 sudore,
1245 1901 1421 1974 unumst-

339 1997 393 2062 bus
414 1999 471 2061 siti
483 1998 643 2100 saucibus,
666 2015 720 2058 ore
738 2004 831 2078 utque
855 1995 949 2056 oculis
973 1996 1099 2076 repletis
1121 1997 1252 2076 puluere,
1269 1993 1422 2060 ¹⁹torren·

338 2093 397 2148 tem
412 2081 586 2153 merediana
606 2086 678 2159 sole,
694 2083 777 2146 hosti
798 2077 925 2164 oijt'otut
945 2083 1068 2159 ruenti,
1091 2079 1233 2166 ”quieto
1256 2085 1311 2167 qui
1332 2085 1421 2147 uuila

338 2193 374 2234 re
387 2181 461 2235 unic
475 2180 643 2236 consumtus
658 2171 736 2234 uires
750 2169 795 2230 ud
803 2169 950 2249 prolium
961 2165 1116 2254 uciserotfl
1140 2167 1227 2246 Quis,
1239 2191 1302 2252 pro
1316 2171 1421 2234 Deum

327 2259 450 2342 fidem!
473 2260 745 2341 incompunctus,
772 2255 820 2318 uei
840 2255 922 2317 iners
944 2262 1036 2338 utque
1060 2254 1191 2332 inbellis,
1208 2257 1422 2340 fortissimum

337 2346 436 2410 ntum
460 2364 521 2409 non
542 2347 675 2410 nicetit?
702 2343 808 2418 Quid?
831 2342 913 2425 quod
925 2341 1023 2405 ltostes
1033 2361 1092 2424 per
1105 2357 1247 2406 summum
1261 2345 1355 2408 otium
1371 2346 1421 2407 in·

336 2442 516 2497 struxerunt
530 2435 636 2510 aciem,
655 2437 879 2515 reputaverunt
892 2428 1016 2504 animos,
1037 2427 1163 2492 stabunt
1176 2432 1337 2512 conpositi
1356 2433 1422 2494 tuis

240 2577 243 2588 .
336 2521 463 2604 quisque
484 2517 672 2584 ordinibus?
703 2515 790 2580 nobit
815 2524 887 2578 tuuc
909 2519 1034 2597 reponte
1056 2516 1273 2598 trqtidouonm
1293 2518 1327 2580 tu
1353 2520 1422 2582 acie

336 2608 519 2672 insttuendu
533 2617 612 2684 ctut,
629 2614 659 2670 et
669 2603 875 2685 inconpositis
888 2604 1147 2665 concurrendum?

380 2673 555 2757 XXXIX.
578 2691 667 2772 ²¹At,
684 2690 832 2766 Hercule,
846 2689 942 2750 aciem
957 2690 1077 2772 quidem
1093 2690 1282 2752 inconditum
1297 2691 1419 2754 inordi-

337 2786 502 2864 natumque
520 2779 741 2844 habuissemus:
764 2784 867 2838 costra·
896 2776 1025 2852 munito,
1035 2777 1194 2858 prouisum
1209 2778 1416 2860 aquationem,

336 2875 433 2930 tntum
448 2870 492 2930 nri
513 2887 579 2928 enm
603 2869 662 2929 iter
670 2859 832 2947 prusidiis
849 2861 1002 2942 inpositis,
1020 2864 1181 2944 explorato
1195 2864 1276 2926 circa
1291 2865 1395 2928 omniu
1403 2899 1417 2938 ,-

336 2948 1421 3036 muniuitnosttiltnhentcspraeternnolumcomputuinquopugmurc-

337 3044 430 3104 must
454 3041 595 3126 Majores
618 3037 710 3104 uestri
732 3045 837 3100 cottto
858 3036 977 3098 munito
993 3045 1118 3118 portum
1140 3039 1185 3098 nd
1204 3055 1305 3101 omncs
1332 3055 1422 3103 cutus

371 3197 402 3244 15
421 3198 540 3255 Quocum
559 3209 655 3242 nuntero
675 3209 718 3240 nos
735 3189 859 3254 prusient]
893 3194 1004 3252 uoragine
1015 3194 1089 3252 tipus.
1122 3191 1418 3250 NumibiServius,AEn.

338 3261 667 3323 Perseussupral.x1.11.c.
676 3259 860 3305 51.dioiturhu·
893 3257 970 3303 LIX.
989 3272 1013 3304 v.
1033 3258 1088 3304 105.
1110 3262 1222 3305 tumentes
1243 3258 1418 3319 interpretatur

336 3323 860 3387 buisseundequadragintapeditummillia‚
894 3321 1006 3368 uruntur.

336 3393 570 3457 quntuotequitum.
593 3389 692 3436 Contuli
711 3401 742 3434 ex
759 3385 861 3446 legioni·
927 3385 959 3433 20
977 3385 1071 3452 Quinto]
1090 3389 1227 3435 Gronovius
1244 3387 1420 3437 existimuthie

336 3464 382 3508 bus
400 3457 519 3504 Romanis
537 3462 562 3502 et
578 3455 686 3502 exercitu
698 3453 781 3500 sociali
792 3455 862 3496 erent
895 3463 991 3512 quoque
999 3453 1121 3512 scripsisse
1133 3453 1231 3500 Livium
1239 3455 1348 3514 requtteo.
1375 3453 1420 3504 Est

335 3523 516 3582 duodetriginta
527 3521 605 3567 millia
620 3515 861 3579 peditum,cquit11m
894 3517 1075 3578 cunittonis,
1096 3518 1163 3565 aliud
1185 3518 1285 3580 motetus,
1297 3518 1365 3566 uliud
1382 3531 1421 3566 re·

336 3593 395 3646 duo,
405 3597 432 3636 ut
442 3587 566 3647 colligitur
573 3596 604 3632 ex
612 3598 633 3630 c.
640 3584 680 3631 81.
690 3585 707 3630 1.
713 3577 798 3629 XLII.
805 3585 829 3626 et
836 3591 857 3626 o.
891 3579 988 3642 qutetcn.
1006 3583 1045 3628 Ad
1052 3579 1113 3630 iliud
1122 3585 1212 3630 sufficit
1219 3583 1416 3644 praesensqnios:

335 3655 375 3704 21.
388 3652 462 3717 hujus
473 3653 536 3698 libri.
571 3651 628 3696 Huc
636 3650 698 3695 udde
709 3661 757 3694 non
769 3659 859 3706 mugnu
891 3643 1167 3709 hoocompetitillisqui
1175 3645 1326 3710 aliquamdiu
1334 3649 1417 3710 quiete

336 3726 394 3768 tune
405 3715 485 3766 Attuli
495 3721 520 3762 et
533 3713 667 3775 Misagenis
678 3713 777 3770 auritis.
891 3709 930 3758 usi
941 3717 1005 3758 sunt.
1409 3725 1411 3730 v

371 3786 401 3834 lo
419 3773 570 3843 implicatum
613 3781 728 3824 intuentos
774 3771 859 3838 utem]
925 3775 1217 3842 antinoensium]
1251 3774 1348 3842 ,objicit
1369 3779 1416 3826 sibi

336 3851 412 3899 Recte
423 3847 537 3895 emenout
546 3839 683 3891 Gronovius
694 3843 841 3902 explicatum.
890 3837 1019 3888 AEmilius:
1046 3843 1080 3888 ut
1101 3841 1200 3889 hercule
1217 3843 1295 3889 aciem
1315 3843 1416 3905 quidem

369 3915 400 3966 lt
416 3915 449 3962 In
468 3913 541 3960 netem
553 3942 578 3959 ..
591 3907 718 3969 ..eduens1
736 3905 858 3954 correctio
890 3905 1054 3952 inordinatam
1073 3913 1146 3967 atque
1165 3904 1352 3968 incompositam
1371 3905 1416 3956 ho·

336 3981 438 4043 Sigoniis
470 3981 551 4026 Antea
561 3975 587 4023 in
598 3975 653 4020 oete.
890 3971 1415 4034 buissemus‚sedcetoruegregiepuratu‚itl

370 4047 401 4093 18
416 4036 735 4103 Acietctiouusitisuuciitn]
753 4037 817 4086 Vide
825 4049 856 4084 un
890 4041 936 4091 est,
948 4043 1028 4082 castsu
1048 4037 1154 4094 munito,
1165 4037 1287 4097 provisum
1305 4039 1416 4098 aquatio-

328 4109 408 4160 ·mulis
419 4106 544 4164 mentitus.
891 4113 964 4148 nem.
978 4133 985 4148 .
997 4131 1003 4144 .
1016 4099 1082 4148 Tum
1091 4103 1220 4162 respondet
1231 4117 1238 4149 s
1263 4103 1330 4150 itanc
1338 4105 1417 4164 puruti

370 4176 401 4223 19
421 4175 557 4222 Torrentem
569 4169 697 4218 meridiano
707 4164 765 4232 sule]
797 4165 859 4228 Legi
891 4165 1148 4224 concurrissemus,an
1166 4167 1248 4226 potius
1263 4161 1324 4214 nihil
1341 4169 1418 4214 nostri

315 4238 404 4304 ,juon
420 4237 562 4286 Perizonius
582 4235 690 4284 tumente.
725 4235 808 4280 Potest
825 4241 861 4282 tu·
893 4229 1019 4288 habentes,
1035 4237 1125 4290 prutes
1142 4231 1238 4280 nudum
1253 4241 1382 4294 eampum,
1393 4233 1419 4280 in

336 4317 393 4352 mon
408 4303 505 4351 defendi
520 4305 619 4364 vulgatu
635 4299 708 4347 lectio
724 4296 861 4358 virgiliano
894 4307 942 4355 quo
953 4307 1125 4356 pugnaremus.

337 4373 384 4418 hoc
403 4381 483 4422 versu,
502 4368 552 4414 Per
568 4368 622 4427 pice
643 4369 754 4412 torrentes
766 4367 862 4424 utruque
