3120 4984
453 187 548 247 nin.
572 185 691 248 xmu.
718 187 822 248 cir.
845 185 914 246 xv.
1152 197 1210 260 ruo

132 352 265 420 donicis
289 350 481 440 legionibus,
507 350 636 416 incertis
662 350 890 420 commeatibus
918 372 976 438 per
1004 351 1212 420 ambitionem
1220 373 1358 426 uaeas

133 443 369 526 imperatorum
386 438 425 502 ab
440 438 581 502 exercitu
602 438 721 515 abesse,
737 436 910 506 edixerunt
931 439 972 504 de
993 437 1156 517 militibus,
1173 439 1211 506 P.
1221 443 1251 488 A.
1265 437 1295 490 0·
1309 439 1364 488 ¹⁶⁹·

133 527 245 607 AE1i0‚
262 527 299 592 C.
318 525 455 610 Popillio
476 522 667 600 consulibus,
683 537 794 607 postve
815 548 869 589 eos
889 524 1032 590 consules
1053 525 1085 590 iu
1102 525 1214 592 Mace·

133 615 272 680 doniam
288 611 422 697 scriptis,
442 611 493 687 Ut,
507 613 561 695 qui
575 633 676 674 eorum
692 613 726 674 in
743 609 841 674 ltalia
856 623 962 689 essent,
975 615 1061 676 intra
1076 615 1141 678 dies
1155 616 1214 678 tri·

128 703 242 786 ginta,
255 699 340 764 censi
346 701 440 782 prins
450 699 536 780 apud
545 719 617 774 sese,
628 699 662 760 in
671 699 867 780 prouinciam
878 700 1023 782 redirent.
1039 702 1094 783 qui
1109 702 1142 762 in
1152 722 1215 782 pa-

133 789 198 852 tris
222 797 279 850 aut
300 786 355 850 aui
370 793 524 869 potestate
538 793 645 861 essent,
662 805 763 847 eorum
785 786 911 849 nomina
926 787 970 848 ad
990 807 1021 850 se·
1043 788 1213 850 ederentur.

134 875 311 938 Missurum
326 892 443 955 quaque
456 892 579 934 caussas
591 892 654 934 sese
667 871 838 954 cognituros
852 893 931 936 esse:
947 881 987 948 et,
1004 893 1129 956 quorum
1142 883 1217 936 ante

134 961 271 1024 emerita
286 959 443 1040 stipendia
464 955 640 1042 ⁷⁰graliosa
656 957 758 1020 missio
771 957 832 1020 siti
853 959 919 1022 uisa
935 967 1021 1037 esset,
1035 979 1083 1023 eos
1105 959 1216 1023 milites

121 1049 212 1130 fieri
221 1043 377 1130 jrusuror.
423 1041 499 1108 Hoc
521 1041 626 1106 edicto
640 1041 802 1127 literisque
823 1065 990 1107 censorum
1014 1065 1071 1128 per
1091 1042 1163 1108 fora
1185 1057 1217 1109 et

134 1129 355 1197 conciliabula
387 1128 532 1205 dimissis,
563 1139 652 1194 tanta
685 1127 856 1193 multitudo
881 1129 1045 1214 juniorum
1078 1129 1216 1196 Romam

134 1219 302 1291 convenit,
319 1228 354 1281 ut
368 1215 474 1303 gravis
489 1215 562 1279 urbi
577 1215 672 1280 turba
687 1214 814 1278 insolita
828 1229 916 1280 esset.

182 1303 267 1368 XV.
293 1303 414 1368 Praeter
442 1301 602 1367 delectum
635 1323 756 1377 eorum,
783 1324 863 1389 quos
894 1305 927 1366 in
960 1301 1216 1388 supplementum

135 1390 227 1456 mitti
250 1389 429 1474 oportebat,
445 1399 583 1476 quatuor
604 1410 624 1452 a
642 1387 680 1452 C.
698 1388 839 1472 Sulpicio
862 1405 999 1473 praetore
1022 1389 1148 1474 scriptae
1169 1389 1215 1456 le·
1262 1443 1265 1452 .

135 1480 255 1566 giones
278 1487 361 1553 sunt,
379 1475 526 1561 intraque
550 1473 699 1538 undecim
721 1473 788 1538 dies
810 1475 952 1541 delectus
977 1491 1024 1541 est
1050 1473 1216 1561 perfectus.

139 1562 303 1630 Consules
317 1560 433 1627 deinde
447 1561 550 1625 sortiti
565 1559 743 1646 provincias
758 1573 841 1626 sunt.
863 1585 936 1627 nam
953 1577 1104 1648 praetores
1119 1583 1217 1648 prop-
1226 1579 1364 1629 Ρωνῑηοίι-

138 1665 191 1717 ter
211 1648 467 1738 jurisdictionem
489 1648 645 1711 maturius
667 1647 771 1711 sortiti
793 1661 893 1713 erant.
939 1649 1071 1714 Urbana
1088 1649 1126 1714 C.
1144 1650 1282 1724 Sul-{⁰¹¹¹
1293 1646 1363 1694 Μ·

139 1739 242 1823 picio,
281 1735 427 1822 eregrina
444 1734 482 1798 C.
495 1733 645 1798 Decimio
662 1734 829 1821 obtigerat,
847 1734 1039 1820 Hispaniam
1058 1735 1108 1800 M.
1120 1719 1269 1802 Clau-m

138 1825 214 1890 dius
233 1759 418 1897 Marcellus,
430 1819 571 1886 Siciliam
588 1821 657 1886 Ser.
674 1819 841 1886 Cornelius
857 1821 1024 1904 Lentulus,
1037 1821 1218 1888 Sardiniam

138 1912 180 1986 P.
196 1909 352 1976 Fonteius
368 1907 495 1992 Capito,
511 1907 641 1971 classem
659 1906 696 1971 C.
714 1905 859 1972 Marcius
881 1907 1014 1996 Figulus
1038 1924 1105 1974 erat
1127 1910 1218 1974 sorti·

140 2011 203 2063 tus.
254 1994 431 2060 Consulum
453 1993 515 2058 Cn.
533 1992 667 2058 Servilio
691 1991 793 2072 Italia,
812 1994 854 2071 Q.
872 1993 999 2061 Marcio
1026 1995 1221 2062 Macedonia

141 2083 287 2150 obvenit.
333 2080 518 2167 Latinisque
537 2080 628 2156 actis,
645 2078 788 2146 Marcius
802 2081 966 2168 extemplo
980 2097 1027 2149 est
1047 2083 1219 2169 proiectus.

143 2169 304 2256 Caepione
318 2166 435 2232 deinde
448 2165 602 2231 referente
616 2166 656 2230 ad
672 2178 828 2244 senatum,
844 2191 924 2255 quas
946 2190 986 2233 ex
1006 2169 1098 2234 novis
1119 2169 1220 2257 legio·

143 2258 242 2324 nibus
264 2255 344 2320 duas
367 2254 506 2342 legiones
528 2275 634 2317 secum
661 2252 694 2316 in
718 2253 858 2319 Galliam
884 2254 1025 2333 duceret,
1052 2255 1220 2321 decrevere

141 2345 271 2420 Patres,
287 2356 323 2406 ut
338 2340 379 2408 C.
396 2338 567 2426 Sulpicius,
586 2338 635 2403 M.
653 2339 808 2406 Claudius
830 2352 983 2426 praetores
1000 2363 1042 2405 ex
1065 2341 1124 2417 his,
1141 2363 1220 2428 quas

142 2430 352 2516 scripsissent,
388 2427 578 2514 legionibus,
615 2448 692 2512 quas
724 2426 895 2504 videretur,
930 2427 1052 2493 consuli
1095 2427 1219 2493 darent.

141 2516 167 2562 ⁷¹
181 2517 322 2602 Indigne
335 2514 495 2600 patienteq
508 2525 682 2599 praetorum
706 2512 838 2578 arbitrio
853 2513 1014 2580 consulem
1030 2513 1218 2600 subjectum,

143 2604 278 2669 dimisso
304 2614 426 2678 senatu,
442 2599 484 2664 ad
509 2598 648 2664 tribuual
669 2613 844 2684 praetorum
870 2613 957 2666 stans
979 2597 1162 2688 postulavit,
1179 2623 1221 2666 ex

145 2688 433 2757 senatusconsulto
447 2686 642 2752 destinarent
663 2686 727 2750 sibi
750 2685 829 2751 duas
855 2687 1006 2776 legiones.
1027 2687 1219 2774 ”praetores

147 2774 277 2844 consuli
305 2775 338 2838 in
364 2772 512 2861 eligendo
537 2772 702 2837 arbitrium
729 2772 881 2839 fecerunt.
928 2775 1082 2841 Senatum
1104 2775 1346 2850 deindecemun.

146 2884 295 2931 censores
307 2861 473 2949 legeruntr
499 2858 550 2924 M.
566 2859 718 2926 AEmilius
734 2860 875 2946 Lepidus
897 2861 1045 2950 princeps
1060 2862 1101 2928 ab
1118 2862 1220 2928 tertiis

142 2953 212 3038 jam
239 2947 423 3014 censoribus
444 2946 555 3011 lectus.
602 2947 731 3031 Septem
756 2971 775 3012 e
800 2960 912 3013 senatu
938 2950 1028 3035 ejecti
1050 2963 1134 3015 sunt.
1181 2949 1220 3014 In

148 3057 246 3104 censu
272 3032 457 3119 accipiendo
485 3031 597 3117 populi
622 3033 737 3098 milites
762 3056 803 3100 ex
826 3033 1040 3100 Macedonico
1065 3036 1220 3113 exercitu,

149 3125 207 3210 qui
230 3144 325 3207 quam
350 3119 442 3184 multi
463 3118 607 3184 abessent
628 3120 670 3183 ab
692 3119 799 3204 signis,
817 3142 928 3185 census
950 3121 1069 3200 docuit,
1090 3123 1123 3186 in
1146 3145 1221 3206 pro-

149 3208 288 3275 vinciam
311 3209 486 3294 cogebant:
508 3204 667 3270 ⁷³caussas
689 3205 876 3289 stipendiis¹
894 3207 1063 3272 missorum
1085 3230 1222 3295 cognos-

150 3296 283 3362 cebant:
306 3306 347 3370 et,
363 3293 452 3378 cujus
473 3291 616 3356 nondum
636 3292 724 3376 justa
746 3292 853 3356 missio
868 3292 934 3358 visa
951 3307 1042 3372 esset,
1058 3296 1102 3358 ita
1119 3295 1222 3380 jusju-

151 3383 289 3448 randum
305 3381 493 3467 adigebant:
515 3377 605 3444 ⁷⁴Ee
619 3381 668 3443 tui
681 3379 782 3452 animi
793 3381 956 3457 sententia,
972 3391 1007 3446 tu
1021 3403 1060 3446 ea
1074 3383 1172 3445 edicto
1187 3383 1222 3447 0.

152 3469 289 3546 Claudii,
310 3469 362 3531 Ti.
376 3465 551 3550 Sempronii
566 3485 720 3530 censorum
743 3467 777 3529 in
793 3466 989 3548 prouinciam
1005 3467 1223 3533 Macedoniarn

150 3556 277 3634 redibis,
293 3555 376 3640 quod
386 3555 455 3618 sine
468 3554 538 3618 dolo
551 3553 745 3638 malefacere
754 3555 897 3637 poteris?

358 3708 472 3768 spetiem
485 3704 555 3754 Crev-
621 3707 698 3755 ‘add
707 3703 823 3776 [nardum
832 3706 947 3772 muritta]
960 3706 1021 3755 Eud.

186 3855 373 3921 io'Grdr'ora]
416 3855 508 3904 Graue
536 3854 593 3902 data
623 3868 672 3901 non
705 3858 743 3902 tur
748 3855 832 3916 poprelc'
836 3859 974 3916 potestatem
977 3854 1046 3919 fecit.

150 3919 210 3986 juri.
739 3918 771 3966 73
788 3919 1143 3982 eminentissimorum
1159 3932 1227 3967 eme·

186 3986 217 4035 71
235 3985 339 4048 Indigno
351 3983 457 4048 μω]
475 3982 509 4031 Et
525 3983 571 4030 hoc
587 3983 674 4030 aGro·
705 3982 772 4046 ritis]
788 3985 923 4047 mamm]
956 3986 1105 4033 Stevidetur
1120 3985 1169 4047 legi
1184 3986 1227 4032 de·

154 4052 228 4098 novio
246 4056 291 4098 est.
325 4049 408 4112 Vulgo
421 4049 534 4110 pauso,
551 4061 607 4109 que
626 4061 674 4094 vox
705 4049 771 4094 bere.
803 4048 889 4108 Supra,
906 4063 929 4098 c.
949 4049 987 4098 lu
1009 4054 1032 4096 et
1053 4063 1151 4110 auorum
1172 4057 1227 4099 ante

154 4115 269 4164 wtoecam
279 4113 550 4162 effidebatorationem.
706 4113 803 4158 munta
823 4112 938 4173 stipendio
956 4117 1063 4177 graium
1082 4115 1161 4162 murto
1181 4115 1228 4164 nbi

188 4177 354 4228 tarracone
375 4178 465 4228 consuls·
482 4207 527 4226 ...
549 4175 675 4225 arbitrium
707 4177 831 4223 unacurt.

147 4243 270 4306 sormunt]
290 4244 355 4305 Lege
371 4243 480 4298 omuino,
494 4248 523 4289 ut
538 4241 676 4290 Gronovius
741 4240 774 4288 rt
788 4241 832 4289 aa
842 4243 881 4288 tus'
896 4245 972 4291 animi
984 4244 1110 4308 renuntia]
1128 4247 1192 4293 Vere
1202 4250 1228 4292 et

151 4303 350 4369 juncturam.
383 4309 422 4357 Sic
442 4308 508 4355 euim
526 4314 593 4355 amat
608 4306 676 4368 loqui
708 4306 830 4354 exanimo
841 4308 1049 4366 promittisteetc.
1061 4308 1227 4359 viduet-ot·

158 4371 250 4420 Livius·
279 4371 574 4436 Supratxxvll.e.8.
602 4372 676 4422 Seno·
709 4369 951 4424 altmanus.
