3120 4984
343 1091 622 1238 senous
659 1157 835 1242 LIBRI
871 1157 1043 1244 xmn.

586 1367 790 1412 *Q*-

51 1557 55 1564 ·
148 1527 429 1609 PRAETORES
447 1540 575 1622 aliquot,
597 1541 727 1620 eoquod
749 1549 845 1604 auare
862 1551 893 1604 et
913 1541 1079 1604 crudeliter
1095 1543 1223 1622 provin*

147 1630 213 1692 cias
247 1626 527 1704 administrassent,
559 1626 701 1688 damuati
732 1637 810 1690 sunt.
855 1630 897 1692 P.
927 1628 1065 1691 Licinius
1096 1628 1225 1694 Crassus

137 1715 309 1797 proconsul
331 1715 497 1794 complures
526 1714 560 1774 in
584 1711 709 1773 &aeia
732 1713 819 1778 urbes
832 1716 1078 1798 expugnauit,'et
1092 1717 1224 1780 medeli-

147 1811 195 1865 ter
206 1800 355 1881 diripuit.
385 1799 421 1861 ob
441 1800 477 1862 id
500 1799 627 1881 captiui,
658 1799 713 1880 qui
733 1799 773 1862 al>
787 1823 822 1864 eo
842 1800 896 1864 sub
917 1821 1030 1863 corona
1052 1803 1233 1878 uenierunt,

134 1882 186 1950 'ea
208 1887 467 1952 senatusconsulto
490 1895 601 1967 postea
626 1885 762 1948 restituti
789 1897 869 1951 sunt.
912 1887 991 1950 Item
1019 1909 1040 1949 a
1064 1888 1224 1972 praesectis

146 1973 308 2039 ¹elossium
346 1972 556 2059 Romanarum
591 1972 688 2034 multa
725 1972 899 2053 inpotenter
935 1976 969 2037 iu
1004 1975 1101 2038 socios
1113 1975 1222 2058 sacto.

147 2062 214 2125 Res
223 2069 383 2144 praterea
397 2080 417 2120 a
432 2061 547 2123 Perseo
572 2079 644 2140 rege
667 2059 702 2120 in
725 2059 864 2124 Thracia
873 2081 1023 2143 prospere
1033 2069 1138 2144 gestas
1151 2079 1223 2125 cou-

145 2149 237 2224 tiuet,
259 2147 369 2210 'uictis
390 2146 558 2209 Dardanis
581 2153 611 2207 et
635 2143 776 2230 Illyrico,
797 2147 881 2230 crpus
904 2141 964 2210 rea¹
986 2157 1057 2232 erat
1078 2146 1222 2213 Gentius.

148 2235 266 2310 Motus,
283 2234 384 2318 quiin
400 2233 564 2315 Hispania
578 2230 618 2293 ab
635 2230 761 2295 Olonico
770 2237 882 2317 facins
895 2243 974 2309 erat,
993 2234 1060 2315 ipso
1080 2234 1223 2298 intuem-

148 2332 181 2385 to
200 2322 348 2386 consedit.
393 2319 444 2384 M.
460 2318 611 2382 AEmilius
629 2317 764 2400 Lepidus
784 2341 806 2382 a
827 2318 998 2384 censoribus
1016 2319 1166 2402 princeps
1188 2322 1223 2384 in

147 2420 258 2474 senatu
271 2409 375 2472 lectus.

181 2595 329 2643 lotosdurn
344 2591 519 2656 Rornanorum]
551 2591 590 2639 sic
617 2592 669 2640 An·
700 2591 1153 2654 ipsoepitomammuuetoreresideut.
1169 2593 1223 2640 Ali·

148 2661 228 2719 dreos,
237 2660 361 2720 Sigonius,
371 2660 476 2719 aliique:
494 2657 668 2717 meliusquam
700 2665 760 2723 quot
771 2659 910 2719 Illyriorum
921 2658 1016 2719 oppido¹
1025 2657 1090 2719 oepit
1111 2659 1223 2714 Perseus,

148 2727 271 2784 quomodo
296 2725 458 2772 Gronovianoe
482 2723 599 2770 editiones
626 2724 669 2768 hs·
701 2731 730 2773 ut
749 2724 1065 2788 memoraturinfracopp.
1084 2721 1224 2785 1s.19.at

147 2790 214 2846 bent,
227 2789 396 2839 Ronionorum.
702 2789 742 2839 20.
774 2789 810 2835 Aa
826 2801 874 2834 non
893 2789 953 2836 vicit
969 2787 1110 2850 Illyficum3
1143 2789 1224 2835 multo

181 2855 196 2902 2
216 2855 295 2902 Viuo
303 2852 436 2912 Burman,
447 2856 470 2899 et
485 2851 670 2915 Illyricorum
701 2857 785 2905 minus
799 2866 854 2900 aum
871 2853 1077 2915 nuncupatem
1093 2849 1164 2916 eujus
1179 2865 1223 2900 rex

148 2933 190 2966 rea
199 2924 251 2968 orat
263 2916 376 2981 Gentinos]
395 2920 456 2967 Hac
467 2931 554 2980 parum
573 2930 670 2966 accuru-
702 2927 754 2968 ssat
762 2919 876 2978 Gentius,
886 2932 960 2981 quem
971 2919 997 2964 in
1008 2919 1149 2980 societatem
1165 2919 1224 2974 belli

148 2989 173 3034 tu
188 2995 257 3042 sunt,
268 2983 358 3034 sivein
373 2983 477 3034 librariis
485 2983 565 3045 culpo,
577 2984 628 3030 eive
643 2983 670 3032 in
702 2986 816 3048 perlicere
827 2995 982 3045 summopere
992 2985 1112 3032 studebat.
