3120 4984
335 179 394 242 rso
738 177 839 240 riri
868 133 991 239 sivu

170 364 312 482 ἳὲῗὲἓ
335 348 581 498 &Jews
605 344 728 494 llistrrros
750 365 821 420 esse,
844 345 922 444 quid
939 345 1003 494 {ihi
1015 344 1273 498 faciendorum
1320 348 1407 422 Quid

335 455 456 586 mulcti
470 454 592 594 ml,
602 453 690 602 sqzrloll
700 452 798 602 {iistis
806 433 1133 603 {guiesperlilllss'les
1139 455 1408 602 mmmmm

334 605 450 674 meritis
463 605 605 690 cujusque
619 606 654 668 im
675 626 710 668 eo
729 603 807 668 lello
826 605 965 668 ciuitatis
980 607 1119 688 gratiam
1134 608 1263 691 dignum
1278 607 1408 692 reserat.

337 693 462 760 Munus
477 707 583 758 tamen
604 689 716 778 legatis
737 689 770 752 in
793 687 935 774 singulos
959 690 1071 754 binum
1093 691 1228 758 millium
1242 691 1408 782 oerisffmis·

338 802 408 848 sum
424 790 491 846 est:
513 777 602 864 quod
615 778 640 842 ii
653 798 719 841 non
735 789 937 860 acceperunt.

177 901 313 950 Mucius,
383 865 478 934 XVI.
503 867 618 930 Literae
644 861 760 930 deinde
785 862 924 928 recitatus
952 862 995 940 Q.
1012 863 1128 930 Marcii
1154 864 1292 931 consulis
1321 878 1407 943 sunt,

175 973 242 1014 ius.
342 954 609 1033 Quemadmodum,
632 953 714 1016 saltu
741 951 956 1032 superatum
979 951 1197 1016 Macedonium
1225 955 1408 1018 transisset.-

121 1088 126 1097 .
338 1042 420 1106 88ili
430 1049 484 1120 'et‘
499 1062 537 1102 eu
557 1039 633 1103 aliis
653 1038 728 1102 loeis
747 1033 775 1104 ,⁸⁹
783 1045 961 1102 commeatus
986 1050 1007 1100 α’
1027 1049 1163 1120 protom
1181 1049 1359 1122 prospectos
1374 1041 1411 1103 im

336 1123 463 1194 hiemem
478 1126 600 1202 lubere,
612 1135 641 1188 et
654 1124 695 1192 ab
709 1121 1021 1208 Epirousfflvtgimi
1034 1127 1134 1190 millio
1148 1123 1282 1192 modium
1296 1127 1412 1206 tritici,

338 1219 438 1280 decem
459 1213 566 1280 hordei
585 1212 740 1276 sumsisse.-
763 1219 796 1274 ut
810 1207 899 1293 ⁹¹pro
918 1209 974 1276 eo¹¹
983 1212 1147 1295 frumento
1160 1211 1327 1296 ”pecunia
1340 1213 1411 1276 Ro·

339 1323 396 1368 mae
416 1302 528 1385 legatis
553 1320 655 1362 eorum
674 1306 843 1362 curaretur.
892 1296 1076 1362 Vestimenta
1091 1300 1238 1364 militibus
1252 1299 1292 1363 ab
1306 1300 1412 1364 Roma

339 1389 490 1454 mittenda
504 1407 582 1450 esse.-
606 1384 691 1468 equis
705 1379 950 1463 ducentisserme
968 1405 1043 1467 opus
1064 1406 1136 1462 esse,
1150 1387 1282 1450 mouime
1296 1385 1411 1450 Numi·

340 1477 408 1540 dis.-
430 1471 556 1536 mesthi
567 1474 601 1535 im
614 1473 663 1536 lu's
676 1471 752 1534 locis
773 1470 868 1534 ullum
887 1471 1007 1552 copiam
1030 1493 1100 1536 esse.
1147 1471 1412 1538 senatusconsul-

340 1573 423 1639 tum,
435 1571 472 1624 ut
485 1580 522 1622 es
536 1557 644 1622 omnia
659 1578 700 1620 ex
717 1554 816 1620 literis
836 1555 975 1622 consulis
989 1555 1113 1634 fierent,
1130 1557 1250 1623 factum
1265 1570 1322 1623 est.
1369 1558 1410 1623 C.

343 1645 504 1732 Sulpicius
523 1656 644 1729 praetor
659 1663 716 1708 sex
732 1641 831 1706 millia
846 1655 1005 1729 togarum,
1022 1643 1063 1708 tri
1086 1644 1361 1722 immunitatum,
1378 1658 1413 1710 et

340 1755 438 1820 equos
459 1731 658 1816 deportanda
679 1731 712 1794 in
734 1727 972 1807 Macedoniam,
995 1752 1064 1816 prae
1105 1731 1232 1817 udaque
1252 1732 1413 1798 arbitratu

341 1818 480 1886 consulis
495 1819 620 1894 locavit,
644 1830 676 1882 et
702 1817 814 1902 legatis
830 1815 1039 1902 Epirotarum
1065 1819 1234 1902 pecuniam
1261 1839 1321 1904 pro
1342 1817 1412 1884 fru-

177 1927 287 1977 0nestmi
342 1920 451 1972 mento
473 1905 583 1981 solvit;
608 1915 639 1970 et
655 1903 856 1982 Onesimum,
874 1902 1027 1989 Pythonis
1048 1903 1316 1982 transumens
1334 1905 1412 1970 Me-

178 1991 320 2070 M³⁰0f¹⁰¹¹5⁵
341 1993 507 2070 cedonern,
523 1993 556 2056 in
572 2005 716 2056 senatum
730 1987 921 2055 introduxit.
966 1989 998 2054 Is
1011 1989 1133 2076 ⁹⁸pucis
1154 2014 1280 2078 semper
1298 2006 1414 2058 auctor

144 2153 151 2168 ,
176 2071 285 2120 pm
342 2081 409 2168 regi
423 2079 536 2156 fuerat,
553 2089 795 2161 monuerstque,
810 2075 892 2141 sicut
906 2088 998 2160 pater
1017 2078 1084 2163 ejus
1100 2077 1271 2164 Philippus
1285 2078 1414 2144 institu-

341 2180 412 2233 tum
429 2188 528 2252 usque
543 2165 582 2230 sd
596 2165 744 2234 ultimum
756 2163 830 2227 vitoe
844 2162 929 2228 diem
944 2165 1100 2242 servebat
1116 2164 1294 2252 ⁹⁴quotidie
1313 2165 1362 2230 bis
1377 2167 1416 2230 in

341 2253 394 2322 die
406 2252 535 2320 foederis
553 2252 610 2316 icti
630 2272 705 2316 cum
724 2249 879 2315 Romanis
902 2249 1106 2338 periegendh
1130 2264 1166 2318 ut
1186 2274 1260 2318 eum
1275 2274 1413 2331 morem,

341 2342 456 2407 sinon
480 2359 614 2424 semper,
630 2337 742 2404 erebro
765 2349 870 2402 tamen
897 2350 1075 2423 usurparet.
1118 2339 1414 2425 Postqusmdeter-

342 2449 412 2492 rere
434 2448 505 2498 eum
522 2425 648 2491 abella
671 2424 806 2510 nequiit,
820 2423 927 2507 primo
953 2423 1139 2490 subtrahere
1162 2447 1230 2492 sese
1255 2449 1314 2512 per
1331 2425 1414 2494 alies

342 2529 437 2601 utque
462 2513 539 2578 alias
562 2533 698 2590 caussas,
721 2532 763 2574 ne
791 2510 954 2575 interesset
979 2511 1027 2588 iis,
1053 2533 1126 2597 quse
1150 2534 1218 2576 non
1243 2513 1414 2598 probabat,

341 2601 459 2685 coepit:
483 2612 657 2685 postremo,
673 2619 773 2683 quum
787 2608 971 2682 suspectum
986 2620 1019 2661 se
1033 2620 1102 2663 esse
1121 2614 1275 2678 cerneret,
1292 2613 1323 2664 et
1338 2623 1416 2685 pro-

341 2688 472 2752 ditionis
487 2685 648 2750 interdum
671 2684 803 2748 crimine
828 2683 1014 2761 insimulari,
1031 2685 1072 2750 ad
1089 2685 1253 2752 Romanos
1277 2686 1416 2752 transfu-

341 2774 406 2858 git:
430 2794 549 2859 magno
571 2771 642 2836 usui
668 2767 790 2834 consuli
814 2767 886 2835 suit.
932 2769 981 2852 Ea
1004 2771 1207 2838 introductus
1231 2773 1265 2837 in
1291 2774 1417 2840 curiam

365 2880 441 2923 uum
467 2869 679 2934 memorasset,
693 2867 822 2920 senatus
844 2857 877 2919 in
898 2856 1069 2922 formulam
1091 2862 1248 2924 sociorum
1270 2882 1344 2925 eum
1365 2883 1417 2926 re·

342 2883 418 3009 leni
429 2945 539 3031 jussit:
561 2944 680 3024 locum,
691 2941 963 3027 leutis'prreberiz
986 2945 1056 3032 agri
1071 2945 1250 3024 Tarentini,
1262 2949 1317 3037 qui
1331 2947 1417 3032 pub-

343 3031 424 3096 licus
452 3030 565 3116 populi
592 3031 728 3096 Romani
759 3042 850 3110 esset,
872 3029 1010 3096 ducenta
1027 3033 1144 3118 jugere
1167 3033 1248 3112 dari,
1269 3047 1300 3100 et
1330 3033 1418 3121 sedes

345 3117 479 3184 Tarenti
501 3117 583 3184 emi:
607 3117 654 3182 uti
680 3139 718 3182 ea
743 3119 877 3195 curaret,
896 3117 934 3182 C.
951 3117 1100 3184 Decimio
1124 3122 1257 3206 praetori
1283 3121 1419 3188 manda·

344 3218 426 3270 tum.
471 3206 627 3270 Censores
640 3225 770 3269 censum
786 3203 1153 3288 IdibusDecembribus,
1168 3208 1305 3273 severius
1320 3231 1420 3294 quam

345 3305 430 3371 ante,
447 3293 642 3358 habuerunt:
668 3291 776 3356 multis
795 3291 869 3380 equi
890 3291 1119 3374 ademti„inter
1133 3317 1214 3382 quos
1230 3293 1267 3362 P.
1279 3295 1419 3380 Rutilio,

619 3413 828 3461 tettttrtGron.
909 3419 914 3428 '
960 3411 1136 3466 hmdetsseu.

378 3513 411 3560 88
426 3513 497 3561 tutu
507 3527 537 3562 es
547 3514 601 3562 alito
617 3511 684 3576 tortu]
702 3511 787 3572 Vulgo
800 3516 823 3559 et
833 3509 867 3558 su·
898 3513 1153 3562 vetustioribuseditis
1164 3531 1249 3564 vocem
1265 3531 1299 3574 to,
1309 3531 1367 3579 quae
1383 3533 1422 3568 re·

344 3581 368 3626 et
377 3592 408 3625 ee
419 3580 485 3637 attis,
503 3585 588 3626 contra
608 3579 695 3641 primae
706 3575 819 3628 editionis
838 3577 867 3624 ti·
898 3576 970 3636 spicit
986 3579 1096 3626 triticum
1107 3587 1133 3628 et
1148 3582 1268 3632 hordeum
1283 3591 1422 3635 memorata

344 3645 412 3698 dem,
424 3650 486 3691 teste
498 3645 617 3695 Hemnio,
898 3639 966 3688 iniis
977 3657 1030 3704 que
1040 3645 1151 3706 proxime
1160 3649 1308 3708 praecedunt.

347 3761 352 3766 ,Ἴ
378 3707 411 3754 89
429 3709 710 3772 Cormnrsotusayprntore
720 3705 865 3770 prospectos]
898 3753 906 3764 ,
930 3705 963 3756 99
978 3707 1087 3756 Perum‘a
1103 3740 1111 3756 .
1127 3740 1135 3756 .
1153 3742 1163 3756 .
1177 3712 1312 3775 curaretur]
1337 3712 1424 3766 Solve·

347 3775 403 3828 Hoc
419 3775 520 3822 debetur
531 3773 637 3836 sigonio.
671 3773 740 3820 Prius
756 3784 868 3819 cummen-
899 3775 975 3820 retur.
1009 3773 1102 3822 Curare
1110 3776 1245 3836 perurimur,
1254 3791 1338 3826 rurore
1353 3793 1425 3831 rreum·

346 3843 386 3886 tus
415 3839 580 3900 rempublicam
604 3842 743 3900 prospectos.
786 3835 868 3883 Nimi-
900 3849 1034 3899 utor,saepe
1044 3841 1149 3888 occurrit
1162 3842 1187 3886 in
1202 3843 1312 3902 epistolis
1324 3843 1423 3895 Cieere·

347 3918 413 3959 rum,
424 3912 453 3951 ut
467 3906 533 3950 idern
544 3903 665 3959 observat,
677 3915 741 3963 saepe
758 3907 783 3946 et
798 3899 869 3948 facile
901 3901 954 3948 nis:
972 3905 1059 3963 putul.
1071 3905 1107 3954 11.
1120 3907 1153 3952 sd
1168 3905 1199 3960 Q„
1219 3905 1297 3964 Frstr,
1315 3922 1356 3968 ep.
1367 3908 1423 3964 Μ.

346 3969 439 4016 librarii
455 3969 550 4030 decepti
557 3975 619 4030 ,sunt
628 3970 655 4014 in
663 3967 704 4016 his
715 3965 824 4020 vocibus,
836 3965 869 4014 P.
902 3965 961 4014 vn.
972 3970 1003 4016 ad
1011 3970 1063 4016 Au.
1074 3983 1112 4030 ep.
1123 3967 1182 4018 &et
1192 3971 1250 4018 stibi
1258 3973 1359 4032 sepius.

349 4033 453 4081 ΜΒ.
463 4033 496 4084 P.
507 4037 530 4080 rt
540 4033 598 4082 Pu.
616 4033 722 4094 Populum
738 4032 869 4090 Romanus,
909 4065 911 4072 ·
935 4031 968 4082 93
983 4033 1059 4090 Puris
1073 4048 1165 4096 ,emmer
1179 4037 1335 4100 uurtorrrgt]
1354 4038 1423 4092 Mtte

348 4097 629 4155 Resrmtmaeraeur.
902 4098 961 4146 olim
979 4098 1105 4160 legebatur
1119 4101 1191 4162 regis.
1222 4100 1374 4152 timenreut
1385 4103 1423 4154 Si·

383 4165 416 4214 90
437 4165 534 4226 regius·
548 4164 624 4210 millia
640 4160 757 4224 mundium]
773 4163 869 4212 Medios
899 4165 998 4224 genium

349 4227 499 4278 Perisiensss
509 4229 565 4290 plus
583 4227 669 4276 lstlo.
681 4228 769 4276 Decem
781 4229 869 4289 millia,
934 4229 967 4278 et
984 4228 1092 4287 Quotidie
1104 4229 1140 4278 tis
1154 4230 1180 4276 tu
1189 4228 1240 4296 dir]
1258 4230 1307 4280 Vm
1318 4231 1423 4295 pumilio

351 4294 423 4342 tros.
639 4333 644 4350 ,.
751 4327 762 4352 Δ.
901 4301 981 4353 ruent,
994 4295 1033 4342 vel
1046 4294 1126 4344 tntu.

382 4357 412 4405 91
432 4359 483 4406 Pro
494 4355 661 4421 rossumento]
678 4359 869 4420 Addidimusex
