3056 4976
527 796 754 886 ELOGIA
778 787 1119 877 AUCTORUM
1317 773 1320 780 ⁴

685 1042 746 1108 AC
774 1038 979 1107 JUDICIA⁴

432 1274 557 1372 ua
609 1205 1213 1377 rrronrvro,

517 1525 608 1588 CUM
629 1519 905 1583 FRAGMENTIS
926 1517 1129 1592 ALIQUOT.

615 1943 729 2008 Seneca
737 1954 834 2027 puter
847 1943 994 2010 Suasoris
1008 1951 1039 2008 6.

283 2043 519 2162 QUOTIES
531 2079 637 2166 magni
649 2079 780 2166 alicujus
790 2102 875 2144 mors
890 2079 931 2146 ah
945 2077 1103 2144 historicis
1116 2085 1246 2141 narrata
1256 2086 1313 2151 est,
1326 2084 1379 2138 to-

281 2169 339 2234 ties
360 2165 427 2230 fere
449 2165 546 2232 totius
568 2168 802 2231 consummatio
817 2166 949 2244 vitoe,'et
970 2164 1058 2253 quasi
1081 2161 1221 2229 funebris
1233 2160 1379 2226 laudatio

280 2254 435 2319 redditur.
468 2252 546 2318 Hoc
557 2252 652 2318 semel
668 2265 762 2338 atque
772 2253 887 2318 iterum
900 2275 918 2317 a
930 2250 1122 2338 Thucydide
1131 2250 1269 2314 factum:
1292 2245 1378 2312 idem

249 2374 254 2384 ι
280 2341 314 2404 in
324 2339 519 2426 paucissimis
529 2340 668 2426 personis
678 2338 1061 2425 usurpatumaSallustio.
1078 2333 1378 2486 Liviusheniquius,

280 2429 430 2492 omnibus
445 2426 567 2514 magnis
582 2425 656 2490 viris
671 2426 827 2512 prestitit.
874 2427 1047 2513 Sequentes
1071 2421 1213 2490 historici
1227 2444 1282 2487 mu
1295 2435 1329 2486 to
1343 2419 1379 2484 id

281 2515 409 2580 effusius
424 2513 575 2578 fecerunt.

724 2599 805 2662 Mon
818 2601 933 2664 eodem.

326 2685 375 2751 Ut
385 2699 431 2749 est
441 2699 555 2750 natura
566 2682 806 2749 candidissimus
818 2684 960 2749 omnium
972 2705 1160 2772 magnorum
1177 2683 1381 2772 ingeniorum

282 2773 455 2836 aestimator
471 2770 512 2835 T.
528 2766 651 2846 Livius,
666 2769 883 2856 plenissimum
906 2771 1121 2836 testimouium
1144 2768 1293 2835 Ciceroni
1307 2769 1381 2836 red·

282 2858 375 2923 didit.

596 2943 748 3008 mommio
761 2944 816 3008 lib.
833 2943 868 3010 V.
886 2945 1076 3029 Cmrtrcuers.

329 3028 492 3094 Pertinere
506 3027 547 3110 ad
563 3048 629 3092 rem
646 3047 711 3094 non
725 3043 814 3115 puto,
831 3031 994 3118 quomodo
1005 3031 1126 3096 Lucius
1138 3029 1267 3113 Magius
1281 3049 1382 3116 gener

283 3115 352 3182 Titi
364 3114 448 3180 Livii
458 3114 691 3194 declamaverit,
703 3117 845 3205 quamvis
854 3118 962 3204 aliquo
970 3131 1115 3202 tempore
1125 3138 1216 3183 suum
1226 3116 1384 3204 populum

283 3201 411 3268 hahuit:
435 3224 533 3288 quum
546 3201 632 3266 illum
645 3201 790 3268 homines
799 3226 865 3269 non
877 3204 909 3268 in
921 3205 1019 3290 ipsius
1029 3202 1184 3269 honorem
1198 3203 1380 3280 laudarent,

283 3289 337 3354 sed
353 3289 386 3354 in
402 3289 503 3354 soceri
517 3287 647 3354 ferrent.

702 3394 893 3460 Controuers.
909 3401 961 3458 24.

327 3477 423 3543 Titus
441 3477 547 3542 Livius
569 3490 633 3542 tam
649 3478 777 3565 iniquus
797 3479 947 3546 Sallustio
960 3478 1031 3557 fuit,
1048 3492 1083 3544 ut
1097 3478 1181 3546 hanc
1195 3482 1296 3566 ipsam
1309 3499 1381 3543 sen·

283 3565 414 3631 tentiam
440 3565 517 3648 (Res
542 3567 680 3630 secunda
702 3568 779 3630 mire
803 3576 873 3632 sunt
896 3567 982 3632 vitiis
1003 3567 1151 3650 obtentui)
1174 3581 1206 3632 et
1226 3579 1380 3651 tanquam

283 3650 477 3729 translatam,
494 3662 527 3716 et
548 3666 698 3737 tanquam
720 3664 902 3737 corruptam
922 3652 999 3717 dum
1015 3653 1215 3737 transfertur,
1230 3652 1385 3739 objiceret

286 3738 446 3805 Sallustio.
484 3736 553 3802 Nec
567 3735 630 3801 hoc
645 3759 752 3802 amore
767 3737 966 3824 Thucydidis
976 3739 1061 3819 lacit,
1074 3752 1111 3806 ut
1120 3739 1210 3805 illum
1221 3736 1382 3826 preeierat.

283 3825 412 3891 Laudat
423 3845 516 3910 quem
527 3844 594 3887 non
607 3823 714 3888 timet:
737 3837 769 3888 et
782 3825 903 3890 facilius
913 3839 1006 3911 putat
1016 3849 1108 3912 posse
1120 3850 1139 3892 e
1149 3849 1183 3894 se
1196 3825 1382 3894 Sallustium

282 3912 377 3991 vinci,
394 3911 420 3975 si
435 3923 510 3976 ante
524 3932 543 3975 a
558 3908 750 3997 Thucydide
765 3911 920 3977 vincatur.
1112 3923 1113 3930 ’

327 4098 424 4163 Titus
435 4097 555 4177 Livius,
566 4097 607 4164 de
616 4014 978 4188 orandhiildhiidrha
987 4102 1116 4189 antiqua
1127 4116 1160 4168 et
1168 4101 1297 4169 sordida
1304 4123 1383 4168 con-

156 4243 157 4248 ,
284 4198 455 4262 sectantur,
468 4197 499 4250 et
513 4186 665 4251 orationis
679 4187 915 4268 obscuritatem,
926 4188 1122 4254 severitatem
1139 4202 1265 4276 putant,
1276 4187 1384 4254 aiebat

285 4270 466 4337 Miltiadem
482 4273 642 4338 rhetorem
653 4272 813 4362 eleganter
824 4275 950 4356 dixisse,
962 4276 1028 4341 ’Eri
1042 4276 1212 4361 reinharius
1225 4275 1382 4360 μαίνονται.
