3120 4984
319 244 358 307 70
726 237 842 300 ΤΙΤΙ
871 237 1009 298 mvn

158 417 189 468 o.
199 420 229 469 c.
239 417 296 469 sss.
318 404 374 490 qui
386 424 448 469 nem
463 403 556 508 armis
576 403 741 505 lacessitus,
755 403 850 488 quid⁰
863 410 965 486 potest
985 403 1074 487 queri
1086 401 1147 468 sibi
1160 404 1317 482 accidisse,
1333 405 1388 508 qui

158 485 188 532 Α
201 486 229 534 ⁰·
241 485 295 534 ¹⁷¹·
319 507 426 557 caussa
441 491 512 556 belle
521 489 619 574 suit?
630 551 632 556 ,
642 489 717 554 Non
738 511 801 554 sum
816 491 917 554 eodem
938 492 1025 554 modo
1039 490 1224 574 desbusurus,
1240 492 1388 570 Romam,

321 579 403 662 quood
417 579 558 660 Dolopas
582 578 677 642 armis
700 578 897 640 coi'rcuerim:
919 578 1004 660 quio,
1019 575 1111 640 ⁶⁷etsi
1131 597 1192 640 non
1213 580 1321 643 merito
1338 569 1404 642 eo·¹
1447 587 1450 594 '

322 683 399 750 rum,
401 663 477 747 jure
489 664 562 748 feci
575 684 656 736 meo,·
681 685 769 748 quum
784 663 843 726 mei
856 664 957 748 regni,
971 683 1044 726 mea
1058 664 1187 728 ditionis
1201 673 1307 738 essent,
1324 685 1389 728 oes-

323 761 373 814 tro
387 752 505 814 decreto
513 750 607 832 patri
621 749 773 814 adtributi
786 771 861 814 meo.
906 749 984 829 Neo,
996 751 1026 816 si
1039 771 1145 814 caussa
1164 751 1321 814 reddenda
1335 752 1388 826 sit,
1445 799 1447 804 .

323 857 385 900 non
400 837 492 913 uobis,
508 834 744 919 necsaderatis,
759 837 814 900 sed
826 837 876 913 iis,
893 837 947 920 qui
960 849 999 898 'ne
1012 837 1047 900 in
1061 857 1160 900 seinos
1174 837 1294 920 quidem
1307 844 1391 900 sava

324 933 416 1006 atque
430 921 545 1008 injusto
556 923 688 1006 imperia
698 922 844 1006 probant,
854 923 928 1005 plus
937 942 1024 1006 aquo
1035 932 1065 986 et
1079 921 1156 985 bono
1169 923 1287 988 samisse
1297 922 1331 986 in
1341 943 1393 986 eos

325 1011 426 1074 uideri
443 1031 573 1092 possum.
596 1008 710 1092 quippe
722 1009 968 1092 Euphranorem,
979 1007 1158 1092 prmsectum
1173 1031 1194 1071 a
1209 1030 1255 1072 me
1276 1009 1392 1090 inposi-

325 1105 399 1171 tum
415 1097 462 1160 ita
478 1096 663 1174 occiderunt,
677 1103 711 1159 ut
726 1115 804 1159 mors
820 1115 983 1177 panarum
998 1093 1061 1180 ejus
1073 1094 1346 1179 leuissimaficerit.
1391 1145 1393 1152 .

371 1182 486 1247 XLII.
508 1181 562 1258 At,
579 1203 667 1263 quum
685 1182 892 1264 processissem
914 1182 987 1244 inde
1000 1183 1044 1244 ad
1063 1181 1203 1245 visendos
1216 1181 1393 1259 Larissam,

327 1277 356 1334 et
371 1269 527 1345 Antrona,
544 1275 572 1333 e't
585 1266 759 1354 88Ρμίἱεοιι,
775 1288 834 1352 quo
848 1269 883 1331 in
901 1267 1073 1351 propinquo
1087 1269 1180 1330 multo
1201 1266 1394 1332 antedebita

279 1415 280 1418 ,
328 1365 399 1422 uoto
413 1357 625 1438 persolvam,
646 1353 783 1436 Delphos
803 1354 1001 1436 sacrificandi
1021 1375 1127 1419 corcssa
1149 1355 1304 1418 adscendi.
1347 1355 1409 1418 Et.

328 1443 388 1517 bic,
404 1443 539 1505 criminis
553 1441 691 1525 augendi
703 1461 821 1517 canusa,
835 1461 900 1503 crem
915 1441 1048 1505 enercitu
1062 1461 1108 1504 me
1115 1439 1224 1523 fuisse
1235 1439 1395 1524 adjicitur.

328 1529 461 1605 Scilicet,
477 1537 521 1604 ut,
537 1528 618 1611 quod
632 1547 711 1590 nunc
725 1526 891 1610 uossactre
905 1547 1025 1610 queror,
1039 1526 1126 1590 urbes
1140 1547 1326 1610 occuparem,
1342 1545 1395 1590 ar-

265 1612 269 1620 ’
329 1614 412 1678 cibus
426 1615 601 1697 inponerem
610 1614 773 1695 prasidio.
822 1613 934 1678 Vocote
948 1615 983 1677 in
997 1614 1156 1676 conscilium
1170 1612 1303 1678 Gracia
1316 1613 1394 1677 ciui-

328 1709 418 1778 tates,
425 1722 486 1783 per
500 1721 575 1784 quas
589 1701 651 1763 iter
659 1699 747 1783 feam
770 1708 917 1783 queratur
930 1699 1134 1784 unusquilibet
1148 1701 1258 1764 militis
1270 1700 1329 1762 mei
1342 1700 1394 1762 in-

317 1785 457 1871 juriam,
482 1808 543 1850 non
564 1786 716 1862 recusabo,
738 1787 823 1870 quin,
838 1786 980 1850 simulato
1000 1787 1161 1870 sacrificio,
1176 1783 1265 1850 aliud
1279 1785 1398 1868 petisse

328 1875 448 1938 uidear.
479 1872 598 1938 AEtolis
611 1881 641 1936 et
654 1873 820 1956 Byzantiis
828 1873 981 1954 prasidio
995 1873 1138 1953 misimus,
1154 1882 1262 1936 etcum
1276 1872 1397 1936 Boeotis

328 1961 498 2024 amicitiam
499 1960 644 2044 fecimus.
670 1957 757 2036 Hac,
773 1959 1002 2042 qualiacumque
1014 1968 1096 2040 sunt,
1106 1979 1167 2042 per
1184 1961 1301 2044 legatos
1315 1979 1397 2022 meos

329 2067 392 2108 non
405 2048 499 2110 solam
510 2047 659 2120 indicata,
668 2046 722 2108 sed
735 2045 827 2108 etiarn
838 2054 980 2109 eaacsata
990 2054 1060 2109 sunt
1073 2066 1153 2128 sape
1160 2047 1197 2109 in
1211 2053 1320 2109 senatu
1331 2066 1397 2108 oes-

329 2141 396 2196 tro.-
412 2131 465 2196 ubi
478 2134 598 2217 aliquos
611 2153 666 2216 ego
680 2132 906 2214 disceptatores,
915 2151 979 2194 non
993 2141 1056 2195 tom
1071 2152 1180 2216 aquos,
1191 2153 1281 2218 quam
1296 2141 1336 2207 te,
1352 2129 1397 2208 Q.

331 2218 449 2296 Marci,
462 2228 624 2302 paternum
638 2219 767 2281 amicum
782 2226 812 2280 et
824 2217 981 2300 hospitem,
996 2217 1157 2292 habebam,
1189 2219 1250 2284 Sed
1263 2219 1397 2282 nondum

331 2304 460 2368 Βοιηαιιι
481 2313 641 2369 acaaator
654 2305 804 2368 Eumenes
824 2312 966 2378 uenerat,·
989 2306 1044 2389 qui
1064 2305 1279 2368 calumniando
1293 2304 1396 2368 ornnia

329 2393 591 2476 detorquendoque
604 2400 742 2474 suspecta
757 2399 787 2454 et
800 2391 901 2454 invisa
916 2391 1055 2476 ffeeret,
1071 2400 1102 2455 et
1109 2391 1298 2474 peraccedere
1311 2391 1397 2457 uobis

328 2489 501 2556 conaretur,
517 2499 576 2542 non
597 2499 687 2561 posse
704 2475 855 2540 Graciam
871 2477 904 2540 in
923 2476 1067 2556 libertate
1080 2499 1151 2558 esse,
1166 2487 1196 2541 et
1218 2486 1316 2542 uestro
1329 2499 1397 2542 msc·
1457 2533 1460 2538 .

329 2586 403 2628 nere
414 2565 501 2649 frui,
514 2565 616 2648 quood
627 2583 752 2646 regnum
767 2561 963 2648 Macedonia
977 2565 1123 2627 incolume
1136 2573 1220 2628 esset.
1257 2563 1398 2628 Circum-

329 2660 440 2800 ἵιὶῗῖ“”
450 2650 845 2799 l³⁶⁰t⁶ttlttttt⁵
855 2649 1397 2802 ‘'biblii'‘lbiffllioe'mm

406 2759 446 2799 ra
839 2757 850 2796 .·
1232 2759 1242 2801 c
1271 2780 1281 2814 ,
1324 2759 1397 2804 uam

331 2758 626 2906 Amioeqqufwit’
643 2821 806 2884 Eumenem
828 2756 916 2886 ossii
927 2843 981 2886 nec
997 2824 1205 2907 conquiescere
1217 2759 1324 2888 sociosq
1332 2845 1399 2888 oes-

330 2918 395 2973 tros
402 2929 502 2991 posse,
518 2908 620 2992 quoad
631 2907 721 2990 regia
737 2907 885 2991 Pergami
898 2907 950 2971 sit.
972 2929 1038 2972 eam
1052 2930 1152 2974 arcem
1172 2931 1268 2993 supra
1287 2911 1399 2996 capita

317 2995 530 3078 finitimarum
550 2992 720 3058 ciuitatium
735 2994 909 3076 inpositam.
953 2996 1025 3080 Ego
1038 2995 1111 3073 bac,
1132 2997 1171 3070 Q.
1187 2996 1296 3061 Marci
1308 3007 1339 3060 et
1352 2997 1397 3061 A.

332 3079 426 3158 Atili,
441 3101 505 3165 qua
520 3089 575 3145 aut
594 3101 616 3143 a
637 3078 721 3144 nobis
734 3077 860 3164 objecta,
875 3089 931 3144 aut
949 3091 1089 3166 purgata
1111 3103 1132 3145 a
1152 3104 1199 3146 me
1218 3092 1298 3159 sunt,
1313 3085 1398 3147 talia

331 3188 394 3232 csse
406 3169 478 3244 scio,
493 3175 528 3230 ut
541 3187 640 3242 aures,
656 3175 691 3230 ut
704 3167 803 3229 atomi
816 3167 1005 3231 audientium
1018 3169 1099 3232 sinte
1121 3189 1176 3232 nec
1191 3178 1255 3233 tam
1268 3169 1398 3253 referre,

332 3254 409 3338 quid
421 3275 486 3338 ego,
502 3262 557 3316 ant
571 3273 630 3337 qua
646 3252 888 3336 menteseccrim,
904 3274 993 3337 quam
1008 3256 1152 3338 quomodo
1167 3256 1203 3318 id
1218 3255 1399 3339 vosfactum

331 3340 504 3422 accipiatis.
552 3339 693 3404 (buscius
711 3339 788 3402 milei
807 3359 881 3416 mm,
896 3339 978 3402 nibil
998 3361 1044 3404 me
1063 3342 1204 3406 scientem
1218 3343 1398 3426 deliquisse.-

266 3487 268 3494 ,
332 3437 372 3504 et,
388 3428 417 3492 si
430 3428 507 3510 quid
513 3426 647 3510 fecerim
665 3426 866 3508 inprudentia
877 3427 994 3508 lapsus,
1008 3428 1125 3512 corrigi
1138 3450 1184 3491 me
1198 3438 1229 3492 et
1241 3430 1402 3494 emendari

331 3515 537 3597 castigatione
549 3512 608 3575 bac
616 3533 714 3595 posse.
761 3511 852 3576 Nihil
865 3521 945 3576 cer-'te
959 3512 1142 3591 insanabile,
1157 3535 1212 3578 uec
1225 3515 1401 3599 quodffbello

331 3609 364 3667 et
387 3601 483 3664 amnis
501 3599 740 3682 persequendum
765 3615 827 3662 esse
850 3599 1008 3677 conseatis,
1034 3602 1184 3666 commisi:
1205 3610 1257 3666 αι’
1265 3601 1399 3688 ficatra

330 3687 497 3750 clementia
509 3685 734 3772 gravitatisque
747 3692 854 3748 uestra
862 3683 960 3770 fama
975 3687 1100 3772 uulgata
1108 3689 1353 3774 pergamensi,
1368 3690 1400 3754 si

638 3825 870 3911 ⁰qulGron201eJ.
938 3833 1005 3877 rant
1016 3795 1083 3878 End.

361 3957 394 4008 37
403 3957 418 3986 '
426 3958 483 4005 aut
492 3969 539 4004 non
549 3953 731 4021 maritatarum]
742 3956 847 4008 Etiamsi
879 3962 967 4022 Itaque
977 3967 1043 4010 cestu
1052 3969 1149 4012 conum
1165 3963 1223 4012 bule
1233 3963 1400 4012 mmdaflmi

328 4025 488 4072 concederem
497 4022 614 4070 illos-non
625 4023 846 4084 memisseeaquoe
878 4027 1017 4076 auctoritas.
1370 4021 1373 4030 '

328 4087 394 4150 passi
407 4094 471 4134 sunt.
760 4143 761 4146 Ἴ
910 4090 942 4138 39
972 4089 1041 4139 Ultra
1064 4093 1129 4154 juga
1163 4091 1240 4148 {buri
1270 4091 1398 4160 carnotum]

361 4151 394 4199 38
408 4147 519 4214 qulean]
531 4151 603 4212 Legit
612 4151 743 4218 'tumebas'
750 4151 846 4199 Pteleon
878 4155 959 4216 Magis
979 4155 1109 4204 Livianum
1129 4157 1192 4205 foret
1210 4161 1318 4216 emotum,
1330 4161 1399 4217 quod

328 4229 360 4264 ex
377 4215 479 4262 Homeri
495 4215 756 4280 catalogosstmdmr
767 4215 847 4264 «Ἧι.
877 4221 1004 4268 annotavit
1023 4222 1159 4270 Gronovius
1178 4223 1210 4268 ad
1226 4236 1249 4271 c.
1265 4220 1303 4268 50.
1322 4218 1399 4284 hujus

330 4297 411 4347 egara,
418 4275 448 4328 m
457 4278 555 4329 ursacii
565 4279 692 4343 λιχιιιιίηι.
710 4283 778 4330 Infra
786 4297 846 4342 quo·
878 4285 940 4332 libri.
957 4283 1016 4333 Vid.
1027 4299 1100 4348 supra
1110 4289 1127 4336 l.
1139 4285 1280 4336 xxxvu.
1290 4300 1311 4334 c·
1322 4285 1362 4334 ⁵3.
1372 4293 1398 4334 et

329 4359 419 4406 que,c·
430 4345 470 4392 67.
488 4343 560 4406 hujus
578 4346 846 4402 libri,Antronet1’te-
877 4347 1284 4414 1.xxxV111.c.suetaiquoc
1298 4351 1353 4402 uiis
1371 4351 1398 4400 in

330 4410 384 4458 loon
407 4415 435 4456 ut
456 4409 543 4458 uicina
564 4411 636 4459 urbm
657 4407 844 4474 conjunguntur·
877 4413 943 4463 loeis.
