3120 4984
439 208 533 270 LIB.
554 211 652 276 XLll.
680 211 783 269 CAP.
805 209 901 268 LVlI.
1171 217 1208 268 83

136 389 200 436 rum
220 375 398 458 juren'tutc,
415 395 488 460 quae
503 397 577 459 pars
591 397 664 440 cum
683 373 838 438 Romanis
854 373 967 452 stabat,
980 395 1050 438 eam
1065 395 1132 438 rem
1147 375 1204 442 ad·
1215 387 1243 432 U·
1256 385 1282 432 c.
1295 387 1355 434 aare

134 481 254 542 gressus
276 462 409 544 legatus,
426 485 446 525 a
467 462 626 527 moenibus
648 462 807 527 abscessit
853 460 940 526 Haec
961 459 1064 525 soluta
1078 460 1203 527 obsidio
1211 452 1284 503 ac.
1297 452 1351 500 ΠΙ*

135 547 234 610 iocum
258 547 350 612 alteri
380 570 473 612 novae
498 549 655 614 obsidioni
681 547 776 612 dedit
801 569 939 634 namque
964 547 1129 632 extemplo
1152 548 1201 614 M.
1350 559 1353 563 ’

134 631 299 698 Lucretius
322 657 395 698 cum
413 635 554 698 exercitu
577 634 692 711 navali,
714 633 823 700 decem
840 633 978 700 millibus
993 647 1200 716 armatorum,

132 719 251 784 urlhoc
273 721 400 786 duobus
414 719 556 785 millibus
579 722 752 808 regiorum,
768 723 822 806 qui
845 720 904 785 sub
921 720 1077 787 Athenaeo
1099 737 1201 800 eraut,

135 804 315 872 Haliartum
354 809 575 872 circumsedit:
615 809 864 894 parantibusque
896 806 962 893 jam
1001 808 1201 896 obpugnare,

130 895 309 977 supervenit
331 895 488 960 aCreiisa
510 909 639 978 praetor.
685 895 738 960 Ad
763 896 845 958 idern
868 892 935 957 fere
959 908 1083 980 tempus
1106 908 1138 960 et
1160 899 1200 960 ab

131 981 218 1046 sociis
231 1002 325 1046 nares
342 980 529 1048 Chalcidem
545 995 777 1046 convenerunt:
802 980 876 1044 duoe
894 981 1026 1046 Punicae
1044 980 1120 1067 quin
1146 1005 1201 1046 ue·
1261 1056 1266 1063 ‚

131 1087 240 1144 remes,
256 1066 333 1132 duae
354 1068 395 1134 ab
419 1067 579 1133 Heraclea
593 1091 632 1132 ex
652 1069 756 1132 Ponto
778 1068 931 1144 triremes,
948 1081 1086 1155 quatuor
1102 1004 1200 1132 Clral-

128 1155 254 1231 cedone,
271 1154 402 1223 totidem
429 1156 536 1232 samo,
560 1169 627 1220 turn
643 1156 784 1256 quinque
808 1153 946 1220 Rhodiae
970 1154 1198 1241 quadriremes.

130 1239 264 1321 Praetor,
278 1243 356 1324 ¹quia
371 1264 526 1328 nusquam
550 1257 617 1306 erat
641 1243 834 1307 maritimum
860 1242 986 1318 bellum,
998 1241 1127 1308 'remisit
1146 1263 1199 1305 so-

129 1326 191 1392 ciis.
215 1339 247 1392 et
272 1327 315 1406 Q.
333 1327 477 1394 Marcius
500 1327 684 1394 Chalcidem
699 1329 832 1393 navibus
856 1329 950 1402 verrit,
966 1327 1072 1413 Alope
1095 1341 1197 1411 capta,

128 1411 264 1489 Larissa,
281 1437 354 1500 quae
370 1415 535 1480 Cremaste
549 1415 678 1494 dicitur,
694 1415 890 1500 obpugnata.
934 1415 1045 1491 Quum
1061 1414 1114 1479 hic
1136 1430 1198 1478 sta-

129 1515 175 1564 tus
190 1500 223 1566 iu
241 1501 369 1566 Boeotia
382 1517 473 1578 esset,
491 1503 634 1576 Perseus,
651 1523 749 1588 quum
766 1501 805 1566 ad
822 1502 991 1587 Sycurium
1008 1502 1102 1587 (sicut
1125 1512 1200 1570 ante

127 1586 248 1652 dictu-m
263 1589 324 1668 est)
341 1589 454 1654 statiua
469 1589 608 1667 haberet,
622 1589 782 1653 frumento
796 1590 937 1675 undiquc
952 1589 1037 1656 circa
1051 1611 1091 1653 ex
1114 1589 1199 1674 agris

125 1687 290 1756 convecto,
305 1675 346 1740 ad
363 1676 552 1742 vastandum
567 1697 681 1764 agrum
703 1675 908 1740 Pheraeorum
925 1675 1028 1740 misit:
1052 1691 1138 1742 retus
1156 1675 1199 1740 ad

122 1761 281 1846 juvandas
303 1763 462 1828 sociorum
488 1762 580 1828 urbes
602 1763 654 1826 lon
680 1763 728 1826 ius
750 1761 793 1826 ab
814 1761 924 1826 castris
945 1762 1119 1828 abstractos
1141 1762 1198 1826 de·

126 1847 280 1931 prehendi
309 1849 474 1914 Romanos
504 1872 604 1933 posse.
649 1786 741 1924 (llum
767 1870 865 1933 quum
891 1871 929 1914 eo
954 1847 1095 1914 tumultu
1117 1847 1198 1914 nihil

22 1997 23 2000 ,
125 1949 228 2000 motos
242 1935 524 2017 animadvertisset,
546 1937 723 2020 ⁸⁹praerlam
746 1934 884 2020 quidem,
901 1949 1114 2020 preterquam
1137 1934 1197 1998 h'o-

22 2051 23 2088 r
126 2021 258 2099 minum,
276 2027 406 2107 (pecora
422 2038 528 2088 autem
551 2025 688 2088 maxime
708 2023 812 2087 omnis
833 2022 960 2110 generis
974 2019 1075 2105 fuere)
1090 2021 1197 2090 divisit

22 2115 23 2118 ’
123 2107 373 2192 adepulaudum
389 2108 553 2175 militibus.

165 2195 277 2262 LVll.
302 2197 369 2262 Sub
392 2197 477 2264 idem
499 2196 615 2262 deinde
637 2209 762 2279 tempus
784 2197 951 2262 consilium
975 2211 1005 2262 et
1028 2198 1139 2262 consul
1161 2211 1193 2263 et
1203 2207 1305 2254 Perseus
1315 2209 1341 2254 in

122 2303 176 2346 rex
191 2281 385 2360 habueruut,
409 2285 495 2350 unde
509 2284 627 2350 bellum
642 2283 835 2348 ordirentur.
878 2284 905 2323 ⁹⁰
915 2284 1010 2369 Regis
1024 2273 1325 2382 creveruntgl⁰¹32⁸¹¹⁰⁸

121 2369 222 2434 animi
238 2371 412 2436 vastatione
434 2393 582 2436 concessa
601 2370 660 2437 sibi
675 2370 716 2432 ab
737 2369 828 2434 hoste
845 2371 966 2434 Pheraei
981 2371 1061 2457 agri.
1084 2370 1192 2455 itaque
1217 2351 1276 2383 ”⁰¹⁰

122 2455 264 2522 eundum
280 2457 355 2525 inde
369 2457 409 2522 ad
426 2471 540 2536 castra,
558 2477 616 2524 uec
630 2455 773 2520 dandum
790 2455 873 2520 ultra
887 2456 1024 2541 spatium
1040 2470 1193 2522 cunctan-

118 2541 162 2620 di,
193 2543 354 2612 censebat.
400 2543 444 2610 Et
473 2544 610 2609 Romani
635 2543 814 2623 censebant,
837 2543 1072 2608 cunctationem
1102 2566 1192 2608 suam

119 2627 271 2698 infamem
296 2631 382 2717 apud
409 2632 510 2696 socios
536 2655 613 2708 esse,
641 2632 861 2714 maximopere
884 2630 1016 2717 indigne
1045 2629 1192 2708 ferentes,

118 2737 185 2781 non
206 2718 306 2782 latam
334 2717 474 2784 Pheraeis
496 2741 600 2804 opcm.
646 2715 918 2796 consultantibus,
945 2716 1024 2804 quit-l
1049 2733 1191 2804 agerent,
1250 2746 1252 2750 ’

120 2803 270 2887 (aderaut
294 2820 401 2870 autem
429 2805 588 2870 Eumenes
613 2818 645 2870 et
670 2804 795 2870 Attalus
820 2805 854 2868 in
880 2803 1026 2885 consilio)
1050 2806 1193 2890 trepidus

117 2892 257 2957 nuncius
282 2890 395 2969 adfert,
425 2890 555 2958 bostem
581 2913 698 2978 magno
727 2891 855 2978 agmine
883 2890 1002 2958 adesse.
1049 2891 1194 2958 Consilio

116 2977 263 3059 dimisso,
279 2979 406 3066 siguum
421 2977 587 3064 externplo
601 2978 706 3056 datur,
723 2993 759 3042 ut
773 3001 864 3042 arma
877 2980 1014 3064 capiant.
1058 2979 1193 3045 Interim

117 3065 234 3148 placet,
251 3087 292 3130 ex
309 3065 404 3153 regiis
418 3065 544 3130 auxiliis
558 3078 686 3130 centum
711 3065 832 3149 equites
846 3078 878 3129 et
893 3087 1001 3150 parem
1022 3085 1192 3132 numerum

111 3151 330 3236 iaculatorum
344 3152 488 3238 peditum
504 3153 604 3216 exire.
640 3149 808 3215 ⁹1Perseus
824 3151 902 3214 hora
913 3151 1012 3218 ferme
1022 3151 1085 3215 diei
1097 3176 1193 3239 quar·

115 3251 159 3316 ts,
174 3261 276 3324 quum
290 3238 402 3323 paullo
416 3239 488 3324 plus
503 3235 591 3302 mille
607 3258 714 3322 passus
730 3236 853 3302 abesset
867 3260 886 3300 a
901 3237 1010 3302 castris
1024 3237 1192 3317 Romanis,

114 3326 291 3392 consistere
304 3326 396 3412 sigua
410 3325 552 3413 peditum
563 3324 668 3409 jussit.
690 3323 918 3410 9¹praegressus
933 3325 1000 3407 ipse
1014 3345 1088 3388 cum
1103 3329 1193 3412 equi·

115 3412 205 3478 tibus
228 3433 266 3477 ac
281 3411 343 3481 levi
357 3420 530 3490 armatura,
546 3427 579 3478 et
597 3410 696 3512 00th
718 3431 791 3476 curn
813 3432 852 3476 eo
873 3408 1032 3494 ducesque
1054 3410 1192 3476 aliorum

113 3498 316 3566 auxiliorum
332 3513 571 3584 praecesserunt.
614 3497 728 3566 Mrnus
739 3497 930 3586 quingentos
945 3518 1054 3582 passus
1068 3500 1108 3561 ab
1124 3521 1193 3564 cas·
1210 3549 1212 3556 Α
1284 3506 1287 3514 “

114 3588 175 3650 tris
190 3585 337 3666 aberam,
350 3608 451 3672 ‚quum
468 3585 501 3650 in
517 3600 690 3668 conspectu
701 3581 788 3652 lucre
802 3581 943 3651 hostium
957 3585 1094 3666 equitesr
1118 3584 1193 3648 duae

113 3671 182 3742 alae,
194 3686 287 3738 erant
301 3693 420 3760 magua
434 3695 475 3738 ex
496 3686 586 3758 parte
602 3667 783 3751 Gallorum,
801 3669 1021 3758 (Cassignatus
1043 3674 1194 3754 praeerat)

111 3771 146 3823 et
168 3758 249 3824 lovis
269 3774 441 3824 armaturae
467 3772 594 3824 centum
620 3757 685 3821 fere
708 3775 739 3822 et
766 3758 998 3845 quinquaginta
1023 3755 1111 3844 Mysi
1136 3772 1193 3822 aut

112 3843 299 3920 Cretenses.
346 3844 499 3917 Constitit
521 3867 587 3923 rex,
602 3845 917 3934 incertusquantum
940 3858 1020 3910 esset
1041 3843 1193 3910 hostium.

145 4071 419 4138 supreminentem]
432 4073 639 4134 Vacatpurticula
673 4069 771 4134 Adjecit
792 4070 905 4131 Sigonius
928 4083 1013 4118 vocem
1042 4069 1110 4130 horu,
1134 4083 1191 4130 quat

110 4136 218 4195 quidam
253 4137 391 4186 Gronovius
409 4139 546 4200 suspicatur
559 4139 639 4195 lesen·
672 4138 800 4184 commode
811 4137 894 4184 abesse
905 4147 954 4181 non
966 4140 1067 4195 poterat.

109 4201 428 4265 dumpraedoequodercr.
679 4208 681 4212 ’
705 4201 737 4248 92
753 4201 905 4262 Progressus
913 4199 1191 4259 r'trre...etCoiyrcum

146 4266 184 4311 90
200 4265 277 4328 Regis
294 4273 416 4316 cretarum
437 4267 523 4330 animi]
559 4265 640 4328 Magis
672 4265 817 4326 reducesque
833 4295 879 4314 ...
894 4263 1075 4326 precesserunt]
1110 4264 1192 4310 Mani·

108 4331 238 4389 piceerets
258 4332 322 4394 Regi
333 4338 453 4380 macnarii
463 4333 545 4380 animi.
669 4331 763 4378 ,tetum
775 4338 812 4390 est
823 4343 908 4378 vacare
918 4330 1032 4377 ultimam
1044 4342 1135 4380 rocem·
1144 4325 1185 4352 ”’”’

147 4394 182 4442 91
201 4394 304 4444 Pmeur
317 4398 374 4446 bora
383 4395 463 4461 ferun
480 4396 525 4444 diei
544 4396 639 4459 quarta]
682 4441 685 4448 ,
870 4405 872 4410 ’

720 4469 778 4524 <32
