3120 4984
351 227 390 283 84
731 219 847 281 ΤΙΤΙ
875 219 1020 280 LIVII

186 397 218 455 tt
231 398 259 452 c.
270 400 328 455 tal.
351 385 444 452 Duas
457 385 533 451 inde
554 405 597 452 ex
613 387 741 474 a‘gmine
762 399 882 471 turmas
897 385 1074 464 Thracum,
1090 383 1171 451 duas
1192 366 1425 468 Maeedonum‚

186 473 218 519 Α·
231 469 258 518 0
271 463 327 520 ³7¹·
351 493 426 538 cum
448 473 532 538 binis
547 473 745 540 Cretensium
760 472 947 538 cohortibus
962 485 994 538 et
1009 472 1187 554 Thracum,
1200 473 1294 540 misit.
1334 475 1426 540 Proe-

185 535 307 661 ffiffi
346 560 441 637 lium,
453 581 553 648 quum
567 581 659 648 pares
674 581 810 626 numero
824 573 935 637 essent,
953 581 1054 648 neque
1068 559 1109 625 ab
1120 559 1182 626 hac
1197 574 1252 627 aut
1267 561 1321 626 illa
1334 577 1427 647 parte

352 669 434 712 nova
449 647 569 712 auxilia
591 648 805 724 subvenirent,
823 646 947 713 incerta
960 647 1093 712 victorin
1106 646 1232 712 finitum
1255 661 1311 714 est.
1357 648 1427 714 Eu-

274 763 280 770 ’
347 734 452 798 menis
465 733 565 800 fer-me
587 733 719 822 triginta
734 733 909 813 interfecti3
936 733 1020 798 inter
1044 756 1124 820 quos
1140 733 1346 824 Cassignatus
1360 735 1430 802 dux

248 895 250 900 ,
353 819 521 887 Gallorum
543 822 668 887 cecidit.
702 833 734 887 et
760 833 838 886 tunc
863 819 992 908 quidem
1018 819 1155 886 Perseus
1181 821 1222 886 ad
1254 823 1428 909 Sycurium

347 909 460 994 copias
473 907 611 974 reduxit.
633 920 761 995 postero
774 908 829 972 die
843 908 928 973 circa
941 907 1085 972 eamdem
1097 908 1213 972 'horam
1229 910 1261 973 in
1277 909 1428 975 eumdem

347 993 457 1060 locum
478 1015 538 1060 rex
553 996 660 1082 copias
683 994 836 1076 admovit,
852 993 1001 1079 plaustris
1015 1015 1087 1059 cum
1111 1017 1195 1096 aqua
1214 997 1427 1084 sequentibus.

346 1091 427 1146 natu
451 1081 621 1147 duodecim
647 1082 784 1147 millium
812 1103 963 1166 passuum
986 1079 1039 1145 via
1060 1103 1163 1145 omnis
1185 1081 1252 1147 sine
1277 1105 1370 1170 aqua,
1394 1099 1429 1150 et

348 1169 481 1254 plurimi
508 1168 645 1252 pulveris
667 1181 754 1235 erat:
788 1167 990 1253 adfectosque
1011 1167 1076 1246 siti,
1093 1168 1125 1231 si
1145 1166 1286 1254 ”primo
1301 1170 1335 1235 in
1350 1191 1431 1235 cou-

351 1269 463 1338 spectu
491 1256 703 1335 dimicassent,
733 1267 932 1343 pugnaturos
959 1254 1055 1319 fuisse
1083 1255 1268 1340 adparebat.
1313 1256 1428 1334 Quum

353 1341 495 1408 Romani
517 1343 687 1431 quiessent,
703 1342 893 1408 stationibus
915 1341 1010 1406 etiam
1033 1341 1116 1406 iutra
1133 1341 1251 1408 vallum
1275 1344 1428 1428 reductis,

350 1430 432 1518 regii
454 1449 583 1517 quoque
598 1431 631 1494 in
646 1442 749 1496 eastra
763 1429 905 1494 redeunt
952 1427 1029 1493 Hoc
1051 1450 1110 1513 per
1124 1428 1247 1516 aliquot
1261 1430 1329 1496 dies
1344 1431 1429 1498 fece-

347 1529 438 1597 runt,
459 1530 621 1602 sperantes
635 1516 713 1595 fore,
730 1528 767 1581 ut
789 1514 930 1581 Romani
945 1514 1065 1602 equites
1087 1515 1272 1582 abeuntium
1296 1518 1429 1583 irovissi-

348 1619 440 1668 mum
466 1623 583 1692 agmen
609 1603 869 1693 adgrederentur.
906 1601 989 1666 inde.
1011 1602 1184 1668 conamine
1214 1616 1295 1683 orto,
1325 1626 1430 1691 quum

349 1687 478 1776 imagine
500 1714 522 1756 a
533 1693 642 1756 castris
657 1713 712 1756 eos
729 1690 919 1766 elicuissent,
934 1687 1037 1768 facile,
1052 1688 1166 1755 ubiubi
1181 1703 1293 1769 essent,
1310 1714 1353 1769 se,
1370 1693 1428 1778 qui

349 1777 496 1864 equitatu
510 1790 542 1844 et
556 1777 617 1842 levi
632 1790 794 1843 armatura
806 1776 879 1863 plus
895 1787 1033 1861 possent,
1050 1797 1257 1841 consensuros
1271 1777 1384 1842 aciem.

350 1909 353 1916 ·
396 1862 527 1931 LVIII.
551 1864 724 1952 Postquam
744 1865 908 1950 inceptum
932 1883 995 1927 uon
1017 1863 1215 1942 succedebat,
1232 1877 1337 1929 casua
1350 1885 1430 1952 pro-

350 1949 424 2036 pius
439 1950 562 2016 hostem
579 1954 679 2019 movit
699 1973 766 2028 rex,
782 1963 815 2016 et
829 1973 848 2016 a
862 1949 1004 2037 quinque
1018 1949 1158 2016 millibus
1172 1973 1323 2036 passuum
1339 1973 1430 2017 com-

350 2035 480 2106 muniit.
505 2037 592 2117 iado,
607 2040 679 2105 luce
699 2039 804 2124 prima
818 2039 852 2102 in
871 2036 995 2116 eodem,
1011 2058 1076 2123 quo
1095 2037 1227 2116 solebat,
1243 2037 1315 2104 loco
1337 2039 1430 2124 pedi·

189 2133 291 2208 Perseus
355 2137 424 2189 tum
440 2125 508 2190 acie
529 2125 694 2202 instructa,
711 2126 889 2212 equitatum
905 2144 1031 2205 omnem
1053 2121 1218 2211 levemque
1231 2137 1430 2192 armaturam

191 2202 331 2310 “¹⁰¹¹'‘qu
353 2211 396 2276 a'd
412 2224 514 2276 castra
525 2211 662 2278 bostium
678 2212 777 2278 ducit.
823 2210 919 2275 Visus
933 2224 965 2275 et
980 2208 1121 2294 plurium
1136 2223 1168 2276 et
1187 2212 1320 2298 propior
1334 2211 1430 2278 solito

189 2275 335 2375 ffissm.
354 2297 460 2384 pulvis
481 2299 728 2385 trepidationem
753 2299 786 2362 in
813 2297 924 2363 castris
952 2297 1108 2362 Romanis
1133 2298 1218 2364 fecit.
1264 2298 1309 2364 Et
1322 2301 1431 2388 primo

188 2391 252 2439 rrum
263 2393 339 2442 ducit·
354 2386 411 2452 vix
427 2386 583 2452 creditum
606 2386 773 2452 nuncianti
794 2397 851 2464 est,
865 2385 942 2470 quia
955 2384 1116 2471 prioribus
1135 2385 1297 2451 coridonis
1318 2383 1432 2452 diebus

351 2493 531 2560 numquam
547 2485 620 2538 ante
634 2472 747 2538 horam
763 2484 908 2558 quartam
928 2469 1028 2537 hostis
1044 2471 1245 2556 adparuerat.
1269 2486 1337 2537 tnm
1352 2473 1431 2538 solis

353 2573 444 2625 ortus
459 2573 535 2625 erat.
565 2559 692 2624 Deinde
709 2574 743 2625 ut
757 2558 899 2644 plurium
914 2558 1053 2622 claruere
1066 2572 1099 2623 et
1109 2580 1206 2624 cursu
1221 2583 1241 2624 a
1251 2560 1354 2644 portis
1369 2560 1430 2625 du·

352 2647 465 2712 bitatio
483 2657 617 2712 exemto
629 2657 688 2725 est,
704 2649 860 2710 tumultus
880 2645 992 2732 ingen-s
1014 2645 1171 2710 oboritur.
1196 2645 1328 2724 tribuni,
1338 2667 1431 2731 prae·

352 2733 499 2820 lectique,
513 2750 545 2797 et
555 2731 805 2798 centuriones-in
827 2733 1036 2818 praetorium3
1059 2732 1150 2797 miles
1163 2731 1206 2797 a'd
1222 2737 1430 2820 sua-quisque

350 2820 490 2884 tentoria
504 2818 665 2884 discurrit.
711 2817 824 2884 Minus
838 2819 1030 2908 quingentos
1045 2835 1154 2904 passus
1177 2819 1294 2884 arallc
1309 2822 1430 2886 instru-

351 2920 444 2970 xerat
461 2905 598 2976 Perseus
606 2925 680 2970 suos
695 2905 779 2971 circa
794 2906 963 2986 tumulum,
980 2927 1074 2993 quem
1093 2903 1283 2972 Callicinum
1299 2921 1430 2974 uocant.

352 2992 455 3056 =Laero
469 3014 568 3057 cornu
595 2993 656 3058 Cot
679 3013 764 3058 srex
788 3008 927 3078 praerat
949 3014 1021 3058 cum
1043 2992 1193 3058 omnibus
1215 2995 1285 3060 soae
1305 2995 1429 3082 gentis:

352 3080 496 3166 equitum
512 3079 640 3146 ordines
655 3015 732 3144 levis
741 3092 907 3145 armatura
926 3079 1114 3165 interposita
1127 3079 1358 3182 distinguebat.
1390 3079 1431 3148 In

350 3167 467 3232 denuo
491 3187 591 3231 cornu
617 3165 812 3232 Macedones
835 3182 927 3232 eram
947 3167 1085 3254 equites:
1114 3166 1295 3232 intermrati
1316 3169 1432 3234 turmis
1516 3189 1519 3196 ’

351 3255 651 3320 eorumCrotenses.
673 3253 798 3320 ⁹⁴Huic
806 3267 978 3318 armaturae
989 3252 1075 3318 Milo
1084 3251 1261 3331 Beroereus,
1269 3255 1434 3338 equitibus

350 3353 529 3409 atsummoe
539 3343 637 3426 partis
652 3341 720 3428 ejus
729 3340 832 3407 Meno
842 3341 1071 3428 Antigonensis
1084 3353 1232 3426 praeerat.
1252 3339 1434 3408 ⁹⁸Prouimi

352 3423 727 3496 cornibusooustiterant
740 3428 820 3516 regii
835 3430 966 3515 equites,
985 3426 1169 3494 etmixtum
1183 3447 1298 3517 genus,
1308 3428 1436 3494 delecta

350 3515 496 3601 'plurium
510 3515 654 3604 gentium
668 3511 804 3590 auxilia:
833 3511 1033 3580 8⁰Patrocles
1055 3514 1135 3579 Anti
1154 3517 1287 3580 oriensis
1309 3513 1378 3581 liice
1400 3528 1435 3582 at

357 3603 497 3668 Poeoniae
510 3602 681 3688 prefectus
695 3598 800 3668 Didas
814 3614 906 3668 erant
920 3601 1096 3688 praepositi.
1182 3601 1272 3669 edius
1285 3602 1435 3669 omnium

824 3756 883 3806 ‘dir
891 3757 963 3806 Creu.

388 3887 554 3938 98¹Prtmota
561 3887 692 3952 maneta]
705 3888 793 3936 Statim
801 3895 876 3950 atque
908 3895 959 3938 erat
970 3889 1019 3936 tavi
1028 3894 1161 3937 armaturae
1172 3885 1341 3938 fleetendum.-
1352 3879 1434 3949 Equi·

355 3955 433 4002 hostis
448 3960 593 4015 conspectus
614 3958 674 4002 erat.
707 3955 747 4002 Ad
766 3966 875 4016 pugnam
907 3957 973 4002 tibus
988 3959 1092 4015 praem
1108 3955 1183 4002 Meno
1199 3953 1386 4015 Antigonensis,
1406 3959 1433 4000 et

354 4021 394 4067 die
406 4020 516 4080 proxime
531 4019 679 4079 prandenti
689 4020 771 4066 affecti
782 4020 823 4066 siti
834 4033 876 4067 ve·
907 4021 1008 4080 insuper
1018 4031 1142 4066 summam
1150 4019 1248 4080 imperii
1257 4020 1283 4066 in
1296 4019 1344 4065 hac
1352 4024 1434 4079 parte,

350 4084 458 4143 minent,
473 4084 495 4129 si
511 4084 596 4130 snum
612 4091 686 4144 atque
700 4087 876 4144 compererant
907 4085 990 4137 idest,
1002 4083 1027 4130 in
1039 4084 1126 4130 dextro
1136 4097 1223 4142 eornu,
1235 4083 1347 4132 babebat.
1533 4105 1535 4130 ι

307 4187 309 4194 ,
354 4149 451 4195 hostem
461 4148 633 4198 dImiunastt-
648 4152 821 4196 Oetemmnon
833 4162 875 4196 sx-
939 4146 1106 4198 bb'Praaini
1115 4147 1234 4211 uomitu}
1259 4147 1432 4208 intelligebas
1534 4155 1535 4173 ¹

352 4213 430 4272 plicat
442 4211 539 4271 ustus,
548 4219 653 4264 *cur'sut
666 4213 871 4271 unde-sitIm,‘in·
904 4216 996 4262 locatos
1005 4213 1082 4260 mbae
1096 4214 1162 4260 inter
1170 4227 1263 4262 cornua
1277 4219 1309 4259 et
1318 4213 1430 4260 mediam
1533 4217 1534 4238 ¹

350 4275 668 4336 tesvalloi'scto,lesmtnt.
902 4279 1091 4339 artemio-qus
1101 4284 1216 4328 rexeru-
1532 4275 1533 4306 l

386 4339 420 4388 ss
435 4342 503 4389 rrae
512 4343 653 4406 ama]
670 4343 811 4397 *nuestus
822 4343 873 4390 rar·
933 4344 965 4390 aa
980 4343 1102 4391 reanum
1117 4342 1289 4404 Antestare
1303 4335 1356 4406 res]
1379 4343 1430 4390 -ene
1531 4333 1532 4375 l

353 4407 413 4461 don,
423 4407 458 4453 sie
468 4407 535 4453 enim
546 4406 605 4452 olim
616 4407 657 4454 hic
664 4408 797 4467 legebatur,
810 4422 873 4469 pre·
901 4403 976 4469 jussit
986 4408 1035 4468 legi
1046 4408 1192 4455 Grouoiim.
1226 4405 1369 4468 Vutgnsttc.
1528 4451 1530 4509 ⁴
