3120 4984
344 177 399 250 raa
548 121 559 134 '⁸
731 171 852 250 ¹r1r1
879 171 1018 231 nrvrr

181 354 212 404 u.
224 352 252 406 c.
260 353 317 414 aar,
342 336 416 404 bem
429 337 619 422 patefacere.
642 333 750 402 fallere
764 346 870 404 autem
886 337 930 406 ita
943 358 977 402 se
990 357 1093 422 posse,
1109 334 1147 416 si,
1162 355 1271 424 muros
1286 358 1305 400 a
1322 342 1412 419 parte

181 421 211 478 a
224 421 253 476 ⁰³
263 421 324 478 ¹⁶⁰³-
342 422 406 491 alia
418 423 510 488 scalis
524 423 665 501 adortus,
680 422 820 489 tumultu
834 422 960 509 injecto,
976 422 1002 463 ⁶⁹
1012 426 1044 488 in
1064 421 1246 488 custodiam
1260 423 1327 508 ejus
1344 419 1412 504 ¹loci

343 517 597 598 propugnatores
615 510 700 575 urbis
723 510 893 576 avertisset.
939 511 1042 575 Erant
1060 511 1093 574 in
1109 509 1260 596 praesidio
1279 509 1415 594 Cassan·

343 597 441 678 dreae,
457 610 575 682 praeter
593 619 657 668 non
672 597 938 662 contemnendam
953 599 1152 684 juventutem
1167 596 1414 682 oppidanorum,

343 685 429 764 octin
452 685 518 750 enti
533 685 701 768 Agrianes,
716 683 778 749 ⁷⁰et
793 683 858 750 duo
884 684 983 749 millia
997 684 1204 749 Penestarum
1218 683 1413 770 Illyriorum,

343 769 393 836 ⁷¹a
410 707 561 836 Pleurato
582 771 658 835 iude
679 771 775 848 missi,
799 767 984 854 bellicosum
1005 781 1176 857 utrumque
1189 792 1302 870 genus.
1347 767 1414 832 His

343 858 506 942 tuentibus
522 879 641 938 muros,
652 879 750 944 quum
765 857 871 923 subire
888 859 1027 924 Romani
1043 879 1168 923 summa
1178 879 1209 920 vr
1224 856 1414 934 niterentur,

342 958 506 1010 momento
521 945 673 1029 temporis
687 945 821 1030 parietes
835 943 991 1010 fornicum
1015 943 1146 1029 perfossi
1161 943 1273 1008 urbem
1295 941 1415 1027 patefe-

343 1044 465 1098 cerunt.
494 1030 616 1118 ⁷¹quod
638 1033 674 1110 si,
697 1032 752 1117 qui
774 1031 932 1116 inrupere,
949 1032 1063 1096 armati
1084 1031 1226 1106 fuissent,
1249 1021 1417 1114 extemplo

343 1119 512 1204 cepissent.
558 1116 636 1196 Hoc
651 1117 707 1182 ubi
722 1117 896 1203 perfectum
919 1141 985 1182 esse
999 1141 1086 1204 vopus
1103 1117 1257 1182 militibus
1278 1115 1412 1181 nuncia·

343 1215 411 1272 tum
427 1218 483 1282 est,
494 1204 671 1282 clamorem
686 1205 805 1270 alacres
818 1205 938 1293 gaudio
952 1217 1082 1290 repente
1096 1203 1225 1282 tollunt,
1239 1203 1310 1268 aliis
1323 1215 1415 1289 parte

345 1291 409 1358 alia
424 1293 457 1356 in
473 1291 585 1356 urbem
601 1291 785 1378 inrupturis.
1293 1367 1295 1372 ,

389 1379 469 1444 XII.
494 1378 619 1456 Hostes,
632 1381 772 1464 primum
794 1377 965 1444 admiratio
986 1378 1080 1463 cepit,
1107 1376 1259 1464 quidnam
1283 1375 1343 1440 sibi
1365 1398 1416 1440 re·

343 1466 495 1550 pentinus
524 1464 644 1529 clamor
665 1465 768 1530 vellet.
797 1477 965 1551 postquam
991 1480 1101 1550 patere
1124 1463 1234 1528 arbem
1264 1484 1417 1548 accepere
1503 1515 1505 1520 a

343 1551 486 1638 preelecti
500 1550 641 1636 praesidii
664 1553 769 1638 Pytho
791 1563 822 1616 et
848 1551 1027 1638 Philippus,
1050 1549 1146 1637 ⁷³pro
1167 1573 1215 1627 eo,
1241 1550 1296 1636 qui
1318 1571 1416 1616 occu-

233 1633 235 1648 ’
343 1651 450 1724 passet
474 1637 617 1722 adgredi,
644 1661 724 1724 opus
745 1637 865 1704 factum
890 1661 958 1704 esse
987 1639 1059 1714 rati,
1082 1659 1154 1702 cum
1184 1636 1288 1700 valida
1318 1659 1417 1702 manu

346 1725 526 1812 Agrianum
550 1724 796 1812 lllyriorumque
817 1737 1005 1810 erumpunt:
1035 1725 1270 1810 Romanosque,
1286 1724 1339 1809 qui
1361 1724 1419 1788 alii
1503 1744 1506 1749 ·

345 1812 476 1886 aliunde
490 1811 619 1876 coibant
640 1812 969 1898 convocabanturque,
987 1824 1023 1876 ut
1033 1811 1124 1898 signa
1136 1813 1171 1875 in
1186 1810 1299 1876 urbem
1318 1809 1418 1876 infer·

345 1912 428 1979 rent,
451 1899 679 1984 incompositos
702 1913 798 1986 atque
819 1899 1016 1964 inordinatos
1029 1897 1152 1986 fugant,
1168 1911 1418 1984 persequuntur·

345 2008 409 2072 que
430 1985 618 2050 adfossam:
651 1986 683 2049 in
707 2008 802 2072 quam
827 1985 1005 2071 compulsos
1028 1987 1121 2050 ruina
1141 1984 1315 2050 cumulant.
1342 2007 1417 2050 sex·

345 2073 430 2137 centi
444 2071 543 2138 ferme
557 2071 602 2137 ibi
622 2071 788 2150 interfecti,
804 2094 977 2158 omnesque
991 2095 1102 2158 prope,
1119 2073 1173 2159 qui
1188 2071 1273 2136 inter
1287 2093 1419 2136 murum

344 2157 524 2246 fossamque
558 2158 746 2244 deprehensi
781 2172 882 2236 erant,
913 2159 1130 2224 vulnerantur.
1174 2161 1225 2223 Ita
1261 2180 1320 2224 suo
1349 2159 1420 2242 ipse

345 2259 463 2312 conatu
492 2245 655 2332 perculsus
684 2258 814 2331 praetor,
844 2246 971 2334 segnior
999 2246 1040 2316 ad
1070 2247 1135 2310 alia
1157 2244 1259 2310 factus
1286 2244 1420 2311 consilia

347 2346 432 2402 erat:
462 2347 494 2397 et
513 2355 557 2406 ¹ne
579 2333 718 2398 Eumeni
740 2333 877 2420 quidem,
901 2331 995 2398 simul
1016 2355 1036 2396 a
1057 2333 1149 2410 mari,
1172 2331 1266 2396 simul
1291 2355 1310 2396 a
1332 2344 1440 2398 terra.

347 2420 556 2509 adgredienti,
616 2421 767 2506 uidquain
804 2421 877 2485 satis
909 2418 1111 2506 procedebat.
1158 2419 1283 2485 Placuit
1319 2417 1421 2506 igitur

346 2509 484 2594 utrique,
501 2521 569 2572 cust
616 2507 652 2570 iis
666 2506 810 2585 firmatis,
827 2528 868 2570 ne
892 2507 979 2593 quod
1000 2505 1184 2592 praesidium
1201 2527 1241 2571 ex
1262 2504 1420 2571 Macedo-

347 2594 401 2658 nia
425 2593 596 2660 intromitti
624 2609 739 2677 posset,
768 2592 919 2680 quoniam
941 2594 987 2659 vis
1016 2606 1126 2680 aperta
1153 2615 1219 2658 non
1248 2595 1420 2678 processis·

348 2691 405 2757 set,
422 2679 571 2764 operibus
593 2680 712 2744 moenia
726 2681 922 2768 obpugnare.
970 2680 1055 2746 Haec
1069 2680 1255 2766 parantibus
1276 2678 1338 2759 his,
1359 2679 1418 2744 de-

279 2799 281 2804 *
347 2787 419 2832 cem
441 2766 518 2866 regii
540 2766 647 2843 lembi,
675 2766 716 2832 ab
746 2766 974 2833 Thessalonica
997 2789 1070 2832 cum
1093 2766 1224 2832 delectis
1248 2765 1421 2832 Gallorum

346 2851 556 2918 auxiliaribus
572 2851 670 2931 missi,
686 2875 784 2939 quum
800 2854 834 2918 iu
855 2852 921 2918 salo
936 2866 1053 2920 stantes
1075 2854 1213 2920 hostium
1229 2875 1325 2918 naves
1340 2875 1420 2920 con·

347 2939 541 3022 spexissent;
565 2939 636 3023 ipsi,
652 2939 789 3005 obscura
810 2953 914 3019 nocte,
930 2940 1065 3027 simplici
1086 2940 1209 3020 ordine,
1226 2941 1322 3026 quam
1344 2953 1420 3026 pot·

346 3037 439 3090 erant
452 3027 600 3110 proxime
614 3026 689 3092 litus
703 3038 857 3108 tenentes,
872 3029 1033 3093 intrarunt
1050 3027 1170 3093 urbem.
1198 3063 1200 3068 ·
1217 3027 1326 3115 Hujus
1339 3027 1422 3092 nori

347 3112 491 3198 praesidii
511 3112 598 3178 fama
622 3113 770 3180 absistere
798 3114 1036 3204 obpugnatione
1057 3114 1152 3180 simul
1178 3115 1343 3180 Romanos
1368 3137 1421 3180 re·

343 3221 481 3288 genuque
508 3200 623 3288 coligit.
660 3201 863 3267 circumvecti
893 3205 1159 3287 promontorium,
1189 3201 1230 3267 ad
1260 3201 1419 3268 Toronen

345 3285 476 3354 classem
499 3287 700 3372 adpuleruut.
746 3287 828 3354 Eam
850 3311 977 3377 quoque
1002 3289 1188 3378 obpugnare
1214 3289 1328 3367 adorti,
1361 3288 1420 3354 ubi

379 3518 459 3565 691¹:
479 3518 606 3566 errrtodlom
627 3521 677 3582 rjus
698 3519 755 3583 lori]
783 3519 863 3576 Quem
895 3521 1001 3567 inermes
1016 3519 1043 3567 id
1053 3520 1132 3566 faeere
1148 3519 1251 3566 fuissent
1267 3521 1330 3575 auri,
1348 3527 1420 3578 taam

346 3583 419 3630 realis
429 3585 569 3630 adoriretur.
896 3584 1081 3644 vitaeperieuio.
1114 3584 1187 3644 Legit
1198 3598 1255 3644 ergo
1265 3585 1420 3642 Perizonius,

380 3647 412 3695 70
426 3647 462 3694 Et
478 3648 523 3696 duo
538 3647 614 3695 millio
629 3648 797 3713 Penestarum]
818 3648 864 3708 ¹Sic
895 3649 955 3710 quod
970 3651 1001 3707 ai,
1012 3651 1053 3712 qui
1070 3651 1235 3708 irrumperent,
1251 3651 1340 3696 ammei
1348 3649 1419 3712 seir·

345 3711 414 3758 dedit
423 3712 545 3773 Sigonius,
554 3724 631 3772 quum
640 3713 760 3762 inveniret
769 3713 865 3764 Marti-
895 3717 962 3762 seat:
979 3716 1026 3762 boe
1037 3727 1120 3774 sensu,
1131 3714 1152 3762 ri
1162 3719 1252 3773 praegsto
1262 3715 1368 3762 inissent
1380 3730 1421 3764 er.

345 3777 394 3822 liar
423 3779 489 3826 unde
507 3779 549 3825 ilie
567 3777 648 3824 effecit
663 3777 738 3824 MM.
755 3777 865 3832 siverim
896 3779 1018 3840 mati.qni
1026 3780 1321 3840 irrumperentiaurbem.
1339 3779 1421 3828 Nobis

344 3842 429 3891 mulia.
454 3842 548 3890 Tamen
560 3841 865 3898 tribunorumue:
896 3845 1045 3904 probabilius
1055 3846 1151 3892 videtur
1161 3845 1227 3905 quod
1235 3839 1353 3906 Dujatius
1361 3861 1422 3907 sug-

346 3904 447 3954 Persem
469 3921 499 3954 er
527 3907 683 3954 Penestarum
705 3911 775 3971 grute
801 3908 865 3955 miae
896 3910 969 3970 gerit,
985 3912 1025 3970 qai
1037 3908 1218 3972 perfodermel
1229 3909 1270 3972 qui
1278 3923 1420 3972 perrupere,

344 3971 441 4031 pedum,
458 3971 566 4020 darmtoe
583 3972 670 4032 aquius
691 3973 865 4021 ...waran-
896 3987 985 4034 nempe
996 3977 1122 4036 parietem.
1380 3967 1383 3978 '

346 4031 554 4098 driomfflroeaidio
564 4039 591 4082 ut
600 4041 682 4093 ami,
693 4037 791 4087 mhhra
898 4065 902 4072 ·
929 4038 962 4086 '23
976 4038 1028 4086 Pro
1038 4039 1075 4103 eo]
1092 4039 1173 4086 Antea
1179 4039 1270 4086 Proca.
1292 4037 1420 4088 Emenda-

338 4127 355 4163 ,¹
380 4101 410 4148 il
427 4103 575 4150 Aruerno
585 4099 725 4168 indemirri]
743 4101 864 4160 Proinde,
896 4103 1132 4158 vitFreinshemiur,
1148 4104 1312 4164 adstipulante
1323 4104 1422 4164 Grono-

345 4167 412 4227 quod
426 4169 511 4226 praem
528 4167 603 4214 dublo
618 4166 735 4218 vitiorum
750 4174 797 4228 eet,
810 4169 878 4228 lege
896 4168 944 4216 vio.
976 4170 1034 4216 Ruti
1049 4181 1111 4230 opus
1121 4169 1216 4216 faenum
1232 4182 1248 4216 a
1264 4169 1385 4216 &manis
1396 4169 1421 4218 ei

345 4232 385 4277 rel
396 4229 486 4290 bade,
497 4231 536 4279 vel
547 4245 605 4279 eum
612 4230 736 4281 Gronovio
745 4233 830 4280 eodem
896 4233 956 4280 utile
964 4233 1089 4294 futurum,
1098 4234 1140 4296 qui
1151 4235 1246 4295 primus
1254 4234 1358 4295 aggredi
1366 4249 1421 4286 me·

379 4293 410 4343 '12
428 4295 495 4352 Quod
510 4296 723 4360 caprimum]
750 4297 821 4346 Nulli
832 4298 866 4344 ir·
897 4302 1007 4346 tutaret

343 4372 441 4421 rupere,
458 4367 486 4407 ut
503 4365 598 4408 comtat
616 4371 648 4410 ex
665 4376 687 4411 e.
699 4375 748 4423 req.
777 4361 864 4424 Neque
