<?xml version="1.0" encoding="UTF-8"?>
<!DOCTYPE html PUBLIC "-//W3C//DTD XHTML 1.0 Transitional//EN"
    "http://www.w3.org/TR/xhtml1/DTD/xhtml1-transitional.dtd">
<html xmlns="http://www.w3.org/1999/xhtml" xml:lang="en" lang="en">
 <head>
  <title>
</title>
<meta http-equiv="Content-Type" content="text/html;charset=utf-8" />
  <meta name='ocr-system' content='tesseract 3.04.00' />
  <meta name='ocr-capabilities' content='ocr_page ocr_carea ocr_par ocr_line ocrx_word'/>
</head>
<body>
  <div class='ocr_page' id='page_1' title='image "./tliviipatavinih03crevgoog_0077.png"; bbox 0 0 3042 4980; ppageno 0'>
   <div class='ocr_carea' id='block_1_1' title="bbox 193 183 1031 332">
    <p class='ocr_par' dir='ltr' id='par_1_1' title="bbox 193 183 1031 332">
     <span class='ocr_line' id='line_1_1' title="bbox 193 183 1031 332; baseline -0.013 -41"><span class='ocrx_word' id='word_1_1' title='bbox 193 309 204 332; x_wconf 28' lang='grc' dir='ltr'><em>ο</em></span> <span class='ocrx_word' id='word_1_2' title='bbox 305 183 371 290; x_wconf 75' lang='lat' dir='ltr'><strong>ux</strong></span> <span class='ocrx_word' id='word_1_3' title='bbox 682 203 1031 288; x_wconf 74' lang='lat' dir='ltr'><strong>anrnrro.</strong></span> 
     </span>
    </p>
   </div>
   <div class='ocr_carea' id='block_1_2' title="bbox 216 401 1502 1436">
    <p class='ocr_par' dir='ltr' id='par_1_2' title="bbox 216 401 1502 1436">
     <span class='ocr_line' id='line_1_2' title="bbox 305 401 1408 508; baseline -0.004 -20"><span class='ocrx_word' id='word_1_4' title='bbox 305 425 331 460; x_wconf 86' lang='grc'>“</span> <span class='ocrx_word' id='word_1_5' title='bbox 350 421 391 488; x_wconf 89' lang='lat' dir='ltr'><strong>tu</strong></span> <span class='ocrx_word' id='word_1_6' title='bbox 406 410 515 508; x_wconf 83' lang='lat' dir='ltr'><strong>signa</strong></span> <span class='ocrx_word' id='word_1_7' title='bbox 529 407 638 486; x_wconf 86' lang='lat' dir='ltr'><strong>nobis</strong></span> <span class='ocrx_word' id='word_1_8' title='bbox 654 417 759 486; x_wconf 87' lang='lat' dir='ltr'><strong>certa</strong></span> <span class='ocrx_word' id='word_1_9' title='bbox 774 405 947 484; x_wconf 81' lang='lat' dir='ltr'><strong>scolares</strong></span> <span class='ocrx_word' id='word_1_10' title='bbox 961 401 1052 482; x_wconf 77' lang='lat' dir='ltr'><strong>sint.</strong></span> <span class='ocrx_word' id='word_1_11' title='bbox 1064 403 1191 486; x_wconf 67' lang='lat' dir='ltr'><strong>Herm.</strong></span> <span class='ocrx_word' id='word_1_12' title='bbox 1203 407 1261 484; x_wconf 83' lang='lat' dir='ltr'><strong>uti</strong></span> <span class='ocrx_word' id='word_1_13' title='bbox 1276 416 1317 484; x_wconf 83' lang='lat' dir='ltr'><strong>tu</strong></span> <span class='ocrx_word' id='word_1_14' title='bbox 1333 407 1408 508; x_wconf 84' lang='lat' dir='ltr'><strong>sig-</strong></span> 
     </span>
     <span class='ocr_line' id='line_1_3' title="bbox 307 523 1410 628; baseline -0.002 -26"><span class='ocrx_word' id='word_1_15' title='bbox 307 541 330 574; x_wconf 88' lang='lat'>“</span> <span class='ocrx_word' id='word_1_16' title='bbox 345 552 398 602; x_wconf 85' lang='lat' dir='ltr'><strong>ne</strong></span> <span class='ocrx_word' id='word_1_17' title='bbox 422 525 535 604; x_wconf 76' lang='lat' dir='ltr'><strong>nobi·</strong></span> <span class='ocrx_word' id='word_1_18' title='bbox 561 535 664 602; x_wconf 87' lang='lat' dir='ltr'><strong>certa</strong></span> <span class='ocrx_word' id='word_1_19' title='bbox 688 551 733 602; x_wconf 85' lang='lat' dir='ltr'><strong>ac</strong></span> <span class='ocrx_word' id='word_1_20' title='bbox 759 524 862 600; x_wconf 87' lang='lat' dir='ltr'><strong>clara</strong></span> <span class='ocrx_word' id='word_1_21' title='bbox 886 524 952 600; x_wconf 85' lang='lat' dir='ltr'><strong>sis.</strong></span> <span class='ocrx_word' id='word_1_22' title='bbox 1006 523 1135 628; x_wconf 81' lang='lat' dir='ltr'><strong>Cdiffl.</strong></span> <span class='ocrx_word' id='word_1_23' title='bbox 1155 524 1209 602; x_wconf 91' lang='lat' dir='ltr'><strong>uti</strong></span> <span class='ocrx_word' id='word_1_24' title='bbox 1235 534 1277 600; x_wconf 87' lang='lat' dir='ltr'><strong>tu</strong></span> <span class='ocrx_word' id='word_1_25' title='bbox 1298 524 1410 624; x_wconf 74' lang='lat' dir='ltr'><strong>signs</strong></span> 
     </span>
     <span class='ocr_line' id='line_1_4' title="bbox 307 630 1410 739; baseline 0 -23"><span class='ocrx_word' id='word_1_26' title='bbox 307 655 332 690; x_wconf 78' lang='lat'><strong>‘⁸</strong></span> <span class='ocrx_word' id='word_1_27' title='bbox 349 641 462 718; x_wconf 89' lang='lat' dir='ltr'><strong>uobis</strong></span> <span class='ocrx_word' id='word_1_28' title='bbox 488 651 592 718; x_wconf 85' lang='lat' dir='ltr'><strong>certa</strong></span> <span class='ocrx_word' id='word_1_29' title='bbox 615 630 855 718; x_wconf 78' lang='lat' dir='ltr'><strong>bdclarassis.</strong></span> <span class='ocrx_word' id='word_1_30' title='bbox 890 641 1002 718; x_wconf 86' lang='lat' dir='ltr'><strong>Rott.</strong></span> <span class='ocrx_word' id='word_1_31' title='bbox 1027 641 1084 718; x_wconf 93' lang='lat' dir='ltr'><strong>uti</strong></span> <span class='ocrx_word' id='word_1_32' title='bbox 1106 653 1145 716; x_wconf 93' lang='lat' dir='ltr'><strong>tu</strong></span> <span class='ocrx_word' id='word_1_33' title='bbox 1172 641 1280 739; x_wconf 84' lang='lat' dir='ltr'><strong>signa</strong></span> <span class='ocrx_word' id='word_1_34' title='bbox 1296 640 1410 716; x_wconf 88' lang='lat' dir='ltr'><strong>nobis</strong></span> 
     </span>
     <span class='ocr_line' id='line_1_5' title="bbox 216 755 1480 857; baseline -0.001 -25"><span class='ocrx_word' id='word_1_35' title='bbox 216 779 220 792; x_wconf 68' lang='lat'>¹</span> <span class='ocrx_word' id='word_1_36' title='bbox 305 769 329 802; x_wconf 88' lang='lat'><strong>“</strong></span> <span class='ocrx_word' id='word_1_37' title='bbox 349 767 453 832; x_wconf 84' lang='lat' dir='ltr'><strong>certa</strong></span> <span class='ocrx_word' id='word_1_38' title='bbox 470 757 626 832; x_wconf 84' lang='lat' dir='ltr'><strong>adclara</strong></span> <span class='ocrx_word' id='word_1_39' title='bbox 641 755 706 851; x_wconf 88' lang='lat' dir='ltr'><strong>sis,</strong></span> <span class='ocrx_word' id='word_1_40' title='bbox 721 760 775 834; x_wconf 82' lang='lat' dir='ltr'><strong>sic</strong></span> <span class='ocrx_word' id='word_1_41' title='bbox 789 775 831 834; x_wconf 76' lang='lat' dir='ltr'><strong>et</strong></span> <span class='ocrx_word' id='word_1_42' title='bbox 846 759 938 834; x_wconf 80' lang='lat' dir='ltr'><strong>satie</strong></span> <span class='ocrx_word' id='word_1_43' title='bbox 952 759 1254 857; x_wconf 78' lang='lat' dir='ltr'><strong>cpporeotsuirse</strong></span> <span class='ocrx_word' id='word_1_44' title='bbox 1279 757 1409 832; x_wconf 82' lang='lat' dir='ltr'><strong>adcla-</strong></span> <span class='ocrx_word' id='word_1_45' title='bbox 1476 795 1480 800; x_wconf 93' lang='lat'><em>·</em></span> 
     </span>
     <span class='ocr_line' id='line_1_6' title="bbox 304 871 1410 974; baseline 0.001 -27"><span class='ocrx_word' id='word_1_46' title='bbox 304 880 328 915; x_wconf 90' lang='lat'><strong>“</strong></span> <span class='ocrx_word' id='word_1_47' title='bbox 345 873 469 962; x_wconf 76' lang='lat' dir='ltr'><strong>russis,</strong></span> <span class='ocrx_word' id='word_1_48' title='bbox 487 885 524 950; x_wconf 80' lang='lat' dir='ltr'><strong>et</strong></span> <span class='ocrx_word' id='word_1_49' title='bbox 534 875 695 974; x_wconf 79' lang='lat' dir='ltr'><strong>pn&#39;orem</strong></span> <span class='ocrx_word' id='word_1_50' title='bbox 713 898 732 949; x_wconf 93' lang='lat' dir='ltr'><strong>s</strong></span> <span class='ocrx_word' id='word_1_51' title='bbox 747 896 897 948; x_wconf 65' lang='lat' dir='ltr'><strong>oasam.</strong></span> <span class='ocrx_word' id='word_1_52' title='bbox 932 871 1033 948; x_wconf 77' lang='lat' dir='ltr'><strong>Gari.</strong></span> <span class='ocrx_word' id='word_1_53' title='bbox 1050 871 1106 948; x_wconf 84' lang='lat' dir='ltr'><strong>uti</strong></span> <span class='ocrx_word' id='word_1_54' title='bbox 1124 881 1166 947; x_wconf 92' lang='lat' dir='ltr'><strong>tu</strong></span> <span class='ocrx_word' id='word_1_55' title='bbox 1183 872 1291 970; x_wconf 78' lang='lat' dir='ltr'><strong>signa</strong></span> <span class='ocrx_word' id='word_1_56' title='bbox 1306 883 1410 948; x_wconf 85' lang='lat' dir='ltr'><strong>corta</strong></span> 
     </span>
     <span class='ocr_line' id='line_1_7' title="bbox 306 987 1329 1088; baseline 0 -24"><span class='ocrx_word' id='word_1_57' title='bbox 306 1001 330 1032; x_wconf 88' lang='lat'><strong>“</strong></span> <span class='ocrx_word' id='word_1_58' title='bbox 348 987 564 1064; x_wconf 82' lang='lat' dir='ltr'><strong>acclarasir.</strong></span> <span class='ocrx_word' id='word_1_59' title='bbox 591 987 710 1064; x_wconf 78' lang='lat' dir='ltr'><strong>Nihil</strong></span> <span class='ocrx_word' id='word_1_60' title='bbox 724 989 847 1088; x_wconf 80' lang='lat' dir='ltr'><strong>igitur</strong></span> <span class='ocrx_word' id='word_1_61' title='bbox 861 987 1100 1064; x_wconf 79' lang='lat' dir='ltr'><strong>dubitandum</strong></span> <span class='ocrx_word' id='word_1_62' title='bbox 1116 990 1226 1079; x_wconf 81' lang='lat' dir='ltr'><strong>ultro,</strong></span> <span class='ocrx_word' id='word_1_63' title='bbox 1243 987 1329 1086; x_wconf 59' lang='lat' dir='ltr'><strong>dre?</strong></span> 
     </span>
     <span class='ocr_line' id='line_1_8' title="bbox 355 1093 1502 1204; baseline 0.003 -26"><span class='ocrx_word' id='word_1_64' title='bbox 355 1103 464 1194; x_wconf 85' lang='lat' dir='ltr'><strong>Haec,</strong></span> <span class='ocrx_word' id='word_1_65' title='bbox 491 1105 618 1204; x_wconf 85' lang='lat' dir='ltr'><strong>qualia</strong></span> <span class='ocrx_word' id='word_1_66' title='bbox 642 1105 762 1180; x_wconf 86' lang='lat' dir='ltr'><strong>multa</strong></span> <span class='ocrx_word' id='word_1_67' title='bbox 787 1105 891 1202; x_wconf 83' lang='lat' dir='ltr'><strong>apud</strong></span> <span class='ocrx_word' id='word_1_68' title='bbox 925 1093 1156 1180; x_wconf 89' lang='lat' dir='ltr'><strong>Gronovium</strong></span> <span class='ocrx_word' id='word_1_69' title='bbox 1183 1103 1322 1204; x_wconf 90' lang='lat' dir='ltr'><strong>ubique</strong></span> <span class='ocrx_word' id='word_1_70' title='bbox 1345 1129 1409 1182; x_wconf 85' lang='lat' dir='ltr'><strong>oe·</strong></span> <span class='ocrx_word' id='word_1_71' title='bbox 1501 1151 1502 1160; x_wconf 24' lang='grc' dir='ltr'><strong>κ</strong></span> 
     </span>
     <span class='ocr_line' id='line_1_9' title="bbox 304 1219 1502 1316; baseline 0.001 -21"><span class='ocrx_word' id='word_1_72' title='bbox 304 1231 471 1310; x_wconf 86' lang='lat' dir='ltr'><strong>currunt,</strong></span> <span class='ocrx_word' id='word_1_73' title='bbox 497 1221 720 1316; x_wconf 87' lang='lat' dir='ltr'><strong>injucunda,</strong></span> <span class='ocrx_word' id='word_1_74' title='bbox 748 1231 787 1296; x_wconf 88' lang='lat' dir='ltr'><strong>et</strong></span> <span class='ocrx_word' id='word_1_75' title='bbox 811 1219 1011 1296; x_wconf 82' lang='lat' dir='ltr'><strong>invenusta</strong></span> <span class='ocrx_word' id='word_1_76' title='bbox 1034 1243 1131 1307; x_wconf 84' lang='lat' dir='ltr'><strong>esse,</strong></span> <span class='ocrx_word' id='word_1_77' title='bbox 1158 1231 1197 1294; x_wconf 90' lang='lat' dir='ltr'><strong>et</strong></span> <span class='ocrx_word' id='word_1_78' title='bbox 1221 1219 1410 1316; x_wconf 86' lang='lat' dir='ltr'><strong>ejusmodi</strong></span> <span class='ocrx_word' id='word_1_79' title='bbox 1501 1269 1502 1276; x_wconf 24' lang='grc' dir='ltr'><strong>κ</strong></span> 
     </span>
     <span class='ocr_line' id='line_1_10' title="bbox 302 1321 1410 1436; baseline 0.002 -25"><span class='ocrx_word' id='word_1_80' title='bbox 302 1363 389 1436; x_wconf 84' lang='lat' dir='ltr'><strong>quae</strong></span> <span class='ocrx_word' id='word_1_81' title='bbox 405 1336 650 1434; x_wconf 89' lang='lat' dir='ltr'><strong>plurimorum</strong></span> <span class='ocrx_word' id='word_1_82' title='bbox 669 1347 869 1433; x_wconf 85' lang='lat' dir='ltr'><strong>corrugent</strong></span> <span class='ocrx_word' id='word_1_83' title='bbox 893 1360 1015 1424; x_wconf 82' lang='lat' dir='ltr'><strong>nares,</strong></span> <span class='ocrx_word' id='word_1_84' title='bbox 1035 1359 1160 1428; x_wconf 90' lang='lat' dir='ltr'><strong>nemo,</strong></span> <span class='ocrx_word' id='word_1_85' title='bbox 1180 1336 1326 1434; x_wconf 78' lang='lat' dir='ltr'><strong>opinor,</strong></span> <span class='ocrx_word' id='word_1_86' title='bbox 1344 1321 1410 1412; x_wconf 86' lang='lat' dir='ltr'><strong>ne-</strong></span> 
     </span>
    </p>
   </div>
   <div class='ocr_carea' id='block_1_3' title="bbox 149 1449 1502 1558">
    <p class='ocr_par' dir='ltr' id='par_1_3' title="bbox 149 1449 1502 1558">
     <span class='ocr_line' id='line_1_11' title="bbox 149 1449 1502 1558; baseline 0.001 -32"><span class='ocrx_word' id='word_1_87' title='bbox 149 1543 154 1558; x_wconf 77' lang='lat'><strong>,</strong></span> <span class='ocrx_word' id='word_1_88' title='bbox 288 1450 466 1548; x_wconf 70' lang='lat' dir='ltr'><strong>gaverit:</strong></span> <span class='ocrx_word' id='word_1_89' title='bbox 493 1462 606 1550; x_wconf 83' lang='lat' dir='ltr'><strong>atque</strong></span> <span class='ocrx_word' id='word_1_90' title='bbox 622 1451 721 1528; x_wconf 82' lang='lat' dir='ltr'><strong>adeo</strong></span> <span class='ocrx_word' id='word_1_91' title='bbox 748 1451 825 1533; x_wconf 88' lang='lat' dir='ltr'><strong>hoc</strong></span> <span class='ocrx_word' id='word_1_92' title='bbox 850 1449 926 1526; x_wconf 89' lang='lat' dir='ltr'><strong>illis</strong></span> <span class='ocrx_word' id='word_1_93' title='bbox 951 1451 1119 1551; x_wconf 86' lang='lat' dir='ltr'><strong>alioquin</strong></span> <span class='ocrx_word' id='word_1_94' title='bbox 1144 1451 1292 1528; x_wconf 84' lang='lat' dir='ltr'><strong>eximiis</strong></span> <span class='ocrx_word' id='word_1_95' title='bbox 1305 1452 1410 1530; x_wconf 85' lang='lat' dir='ltr'><strong>notis</strong></span> <span class='ocrx_word' id='word_1_96' title='bbox 1501 1541 1502 1544; x_wconf 8' lang='grc' dir='ltr'><strong>Ἴ</strong></span> 
     </span>
    </p>
   </div>
   <div class='ocr_carea' id='block_1_4' title="bbox 302 1566 1406 1666">
    <p class='ocr_par' dir='ltr' id='par_1_4' title="bbox 302 1566 1406 1666">
     <span class='ocr_line' id='line_1_12' title="bbox 302 1566 1406 1666; baseline 0.005 -26"><span class='ocrx_word' id='word_1_97' title='bbox 302 1566 536 1654; x_wconf 77' lang='lat' dir='ltr'>incommodi</span> <span class='ocrx_word' id='word_1_98' title='bbox 553 1566 707 1654; x_wconf 83' lang='lat' dir='ltr'><strong>accidit,</strong></span> <span class='ocrx_word' id='word_1_99' title='bbox 725 1591 802 1665; x_wconf 90' lang='lat' dir='ltr'><strong>quo</strong></span> <span class='ocrx_word' id='word_1_100' title='bbox 828 1567 974 1642; x_wconf 85' lang='lat' dir='ltr'><strong>nullum</strong></span> <span class='ocrx_word' id='word_1_101' title='bbox 1000 1567 1150 1665; x_wconf 79' lang='lat' dir='ltr'><strong>gravius</strong></span> <span class='ocrx_word' id='word_1_102' title='bbox 1167 1592 1250 1644; x_wconf 85' lang='lat' dir='ltr'><strong>esse</strong></span> <span class='ocrx_word' id='word_1_103' title='bbox 1267 1577 1406 1666; x_wconf 84' lang='lat' dir='ltr'><strong>potest,</strong></span> 
     </span>
    </p>
   </div>
   <div class='ocr_carea' id='block_1_5' title="bbox 169 1681 1410 1787">
    <p class='ocr_par' dir='ltr' id='par_1_5' title="bbox 169 1681 1410 1787">
     <span class='ocr_line' id='line_1_13' title="bbox 169 1681 1410 1787; baseline 0.002 -31"><span class='ocrx_word' id='word_1_104' title='bbox 169 1778 173 1787; x_wconf 32' lang='grc' dir='ltr'>Ι</span> <span class='ocrx_word' id='word_1_105' title='bbox 302 1692 343 1756; x_wconf 91' lang='lat' dir='ltr'><strong>ut</strong></span> <span class='ocrx_word' id='word_1_106' title='bbox 359 1689 497 1780; x_wconf 88' lang='lat' dir='ltr'><strong>parum</strong></span> <span class='ocrx_word' id='word_1_107' title='bbox 517 1682 712 1779; x_wconf 64' lang='lat' dir='ltr'><strong>legentum</strong></span> <span class='ocrx_word' id='word_1_108' title='bbox 738 1681 909 1780; x_wconf 80' lang='lat' dir='ltr'>plerique</span> <span class='ocrx_word' id='word_1_109' title='bbox 934 1707 999 1758; x_wconf 88' lang='lat' dir='ltr'><strong>eas</strong></span> <span class='ocrx_word' id='word_1_110' title='bbox 1025 1693 1207 1782; x_wconf 84' lang='lat' dir='ltr'><strong>tanquam</strong></span> <span class='ocrx_word' id='word_1_111' title='bbox 1233 1684 1410 1782; x_wconf 81' lang='lat' dir='ltr'><strong>vepribus</strong></span> 
     </span>
    </p>
   </div>
   <div class='ocr_carea' id='block_1_6' title="bbox 300 1796 1414 2459">
    <p class='ocr_par' dir='ltr' id='par_1_6' title="bbox 300 1796 1414 2459">
     <span class='ocr_line' id='line_1_14' title="bbox 301 1796 1410 1896; baseline 0.002 -24"><span class='ocrx_word' id='word_1_112' title='bbox 301 1796 495 1896; x_wconf 82' lang='lat' dir='ltr'>spinisque</span> <span class='ocrx_word' id='word_1_113' title='bbox 519 1799 683 1873; x_wconf 87' lang='lat' dir='ltr'><strong>obsitum</strong></span> <span class='ocrx_word' id='word_1_114' title='bbox 700 1799 823 1874; x_wconf 79' lang='lat' dir='ltr'><strong>sotum</strong></span> <span class='ocrx_word' id='word_1_115' title='bbox 841 1798 987 1896; x_wconf 83' lang='lat' dir='ltr'><strong>fugiant</strong></span> <span class='ocrx_word' id='word_1_116' title='bbox 1005 1809 1043 1873; x_wconf 88' lang='lat' dir='ltr'><strong>ct</strong></span> <span class='ocrx_word' id='word_1_117' title='bbox 1067 1799 1302 1878; x_wconf 82' lang='lat' dir='ltr'><strong>abhorreant.</strong></span> <span class='ocrx_word' id='word_1_118' title='bbox 1353 1800 1410 1874; x_wconf 85' lang='lat' dir='ltr'><strong>At</strong></span> 
     </span>
     <span class='ocr_line' id='line_1_15' title="bbox 302 1912 1412 2014; baseline 0.004 -28"><span class='ocrx_word' id='word_1_119' title='bbox 302 1913 333 1996; x_wconf 68' lang='lat' dir='ltr'><strong>,i</strong></span> <span class='ocrx_word' id='word_1_120' title='bbox 350 1912 406 1988; x_wconf 88' lang='lat' dir='ltr'><strong>vir</strong></span> <span class='ocrx_word' id='word_1_121' title='bbox 430 1913 674 1990; x_wconf 88' lang='lat' dir='ltr'><strong>doctissimus</strong></span> <span class='ocrx_word' id='word_1_122' title='bbox 701 1915 818 1992; x_wconf 84' lang='lat' dir='ltr'><strong>allata</strong></span> <span class='ocrx_word' id='word_1_123' title='bbox 843 1941 892 1992; x_wconf 86' lang='lat' dir='ltr'><strong>ex</strong></span> <span class='ocrx_word' id='word_1_124' title='bbox 909 1915 1149 1992; x_wconf 77' lang='lat' dir='ltr'><strong>chiffletiano</strong></span> <span class='ocrx_word' id='word_1_125' title='bbox 1166 1917 1301 1992; x_wconf 87' lang='lat' dir='ltr'><strong>codice</strong></span> <span class='ocrx_word' id='word_1_126' title='bbox 1327 1941 1412 2014; x_wconf 83' lang='lat' dir='ltr'><strong>ger-</strong></span> 
     </span>
     <span class='ocr_line' id='line_1_16' title="bbox 303 2030 1412 2130; baseline 0.004 -26"><span class='ocrx_word' id='word_1_127' title='bbox 303 2053 427 2119; x_wconf 82' lang='lat' dir='ltr'><strong>mana,</strong></span> <span class='ocrx_word' id='word_1_128' title='bbox 444 2055 561 2128; x_wconf 87' lang='lat' dir='ltr'><strong>quarn</strong></span> <span class='ocrx_word' id='word_1_129' title='bbox 587 2030 834 2129; x_wconf 81' lang='lat' dir='ltr'><strong>amplectitur,</strong></span> <span class='ocrx_word' id='word_1_130' title='bbox 861 2031 1059 2129; x_wconf 86' lang='lat' dir='ltr'><strong>scripture,</strong></span> <span class='ocrx_word' id='word_1_131' title='bbox 1084 2044 1229 2111; x_wconf 88' lang='lat' dir='ltr'><strong>ceteros</strong></span> <span class='ocrx_word' id='word_1_132' title='bbox 1254 2057 1412 2130; x_wconf 88' lang='lat' dir='ltr'><strong>quoque</strong></span> 
     </span>
     <span class='ocr_line' id='line_1_17' title="bbox 302 2145 1414 2227; baseline 0.004 -6"><span class='ocrx_word' id='word_1_133' title='bbox 302 2169 394 2221; x_wconf 88' lang='lat' dir='ltr'><strong>suos</strong></span> <span class='ocrx_word' id='word_1_134' title='bbox 411 2145 565 2222; x_wconf 84' lang='lat' dir='ltr'><strong>codices</strong></span> <span class='ocrx_word' id='word_1_135' title='bbox 583 2147 826 2222; x_wconf 85' lang='lat' dir='ltr'><strong>solummodo</strong></span> <span class='ocrx_word' id='word_1_136' title='bbox 845 2156 1004 2224; x_wconf 85' lang='lat' dir='ltr'><strong>testatus</strong></span> <span class='ocrx_word' id='word_1_137' title='bbox 1030 2160 1130 2224; x_wconf 85' lang='lat' dir='ltr'><strong>esset</strong></span> <span class='ocrx_word' id='word_1_138' title='bbox 1154 2149 1288 2227; x_wconf 86' lang='lat' dir='ltr'><strong>eodem</strong></span> <span class='ocrx_word' id='word_1_139' title='bbox 1315 2149 1414 2226; x_wconf 83' lang='lat' dir='ltr'><strong>ellu-</strong></span> 
     </span>
     <span class='ocr_line' id='line_1_18' title="bbox 302 2261 1413 2354; baseline 0.008 -16"><span class='ocrx_word' id='word_1_140' title='bbox 302 2264 405 2352; x_wconf 89' lang='lat' dir='ltr'><strong>dere,</strong></span> <span class='ocrx_word' id='word_1_141' title='bbox 434 2287 506 2339; x_wconf 89' lang='lat' dir='ltr'><strong>nec</strong></span> <span class='ocrx_word' id='word_1_142' title='bbox 532 2263 662 2338; x_wconf 85' lang='lat' dir='ltr'><strong>deerat</strong></span> <span class='ocrx_word' id='word_1_143' title='bbox 686 2263 943 2338; x_wconf 87' lang='lat' dir='ltr'><strong>emendationi</strong></span> <span class='ocrx_word' id='word_1_144' title='bbox 969 2261 1186 2354; x_wconf 76' lang='lat' dir='ltr'><strong>auctoritas,</strong></span> <span class='ocrx_word' id='word_1_145' title='bbox 1213 2275 1252 2340; x_wconf 90' lang='lat' dir='ltr'><strong>et</strong></span> <span class='ocrx_word' id='word_1_146' title='bbox 1276 2266 1413 2347; x_wconf 79' lang='lat' dir='ltr'><strong>aberat</strong></span> 
     </span>
     <span class='ocr_line' id='line_1_19' title="bbox 300 2379 468 2459; baseline 0.03 -5"><span class='ocrx_word' id='word_1_147' title='bbox 300 2379 468 2459; x_wconf 82' lang='lat' dir='ltr'><strong>taedium.</strong></span> 
     </span>
    </p>
   </div>
   <div class='ocr_carea' id='block_1_7' title="bbox 127 2493 1413 3087">
    <p class='ocr_par' dir='ltr' id='par_1_7' title="bbox 127 2493 1413 3087">
     <span class='ocr_line' id='line_1_20' title="bbox 151 2493 1412 2600; baseline 0.002 -30"><span class='ocrx_word' id='word_1_148' title='bbox 151 2537 178 2600; x_wconf 31' lang='lat' dir='ltr'><strong>&#39;a</strong></span> <span class='ocrx_word' id='word_1_149' title='bbox 192 2524 221 2572; x_wconf 72' lang='lat' dir='ltr'><strong>a</strong></span> <span class='ocrx_word' id='word_1_150' title='bbox 241 2538 280 2570; x_wconf 67' lang='lat' dir='ltr'><strong>ec.</strong></span> <span class='ocrx_word' id='word_1_151' title='bbox 351 2495 519 2571; x_wconf 88' lang='lat' dir='ltr'><strong>Omnino</strong></span> <span class='ocrx_word' id='word_1_152' title='bbox 532 2497 571 2572; x_wconf 89' lang='lat' dir='ltr'><strong>in</strong></span> <span class='ocrx_word' id='word_1_153' title='bbox 581 2496 680 2572; x_wconf 86' lang='lat' dir='ltr'><strong>hanc</strong></span> <span class='ocrx_word' id='word_1_154' title='bbox 693 2495 1037 2572; x_wconf 83' lang='lat' dir='ltr'><strong>coacervandarum</strong></span> <span class='ocrx_word' id='word_1_155' title='bbox 1048 2493 1267 2572; x_wconf 84' lang='lat' dir='ltr'><strong>variantium</strong></span> <span class='ocrx_word' id='word_1_156' title='bbox 1277 2495 1412 2572; x_wconf 90' lang='lat' dir='ltr'><strong>lectio-</strong></span> 
     </span>
     <span class='ocr_line' id='line_1_21' title="bbox 137 2603 1410 2710; baseline 0.004 -27"><span class='ocrx_word' id='word_1_157' title='bbox 137 2603 286 2700; x_wconf 56' lang='lat' dir='ltr'><strong>mndnssffi„</strong></span> <span class='ocrx_word' id='word_1_158' title='bbox 300 2633 390 2684; x_wconf 90' lang='lat' dir='ltr'><strong>num</strong></span> <span class='ocrx_word' id='word_1_159' title='bbox 402 2610 636 2708; x_wconf 82' lang='lat' dir='ltr'><strong>diligentiam</strong></span> <span class='ocrx_word' id='word_1_160' title='bbox 646 2611 685 2686; x_wconf 91' lang='lat' dir='ltr'><strong>id</strong></span> <span class='ocrx_word' id='word_1_161' title='bbox 701 2611 839 2686; x_wconf 76' lang='lat' dir='ltr'><strong>cadere</strong></span> <span class='ocrx_word' id='word_1_162' title='bbox 851 2609 1119 2698; x_wconf 86' lang='lat' dir='ltr'><strong>existimamus,</strong></span> <span class='ocrx_word' id='word_1_163' title='bbox 1129 2611 1232 2710; x_wconf 85' lang='lat' dir='ltr'><strong>quod</strong></span> <span class='ocrx_word' id='word_1_164' title='bbox 1246 2611 1410 2688; x_wconf 82' lang='lat' dir='ltr'><strong>clarissi-</strong></span> 
     </span>
     <span class='ocr_line' id='line_1_22' title="bbox 138 2725 1410 2828; baseline 0.004 -29"><span class='ocrx_word' id='word_1_165' title='bbox 138 2796 194 2828; x_wconf 51' lang='lat' dir='ltr'><strong>me„</strong></span> <span class='ocrx_word' id='word_1_166' title='bbox 221 2784 285 2828; x_wconf 46' lang='lat' dir='ltr'><strong>,mm</strong></span> <span class='ocrx_word' id='word_1_167' title='bbox 302 2749 386 2803; x_wconf 90' lang='lat' dir='ltr'><strong>mus</strong></span> <span class='ocrx_word' id='word_1_168' title='bbox 412 2725 805 2825; x_wconf 73' lang='lat' dir='ltr'><strong>prudentissimusque</strong></span> <span class='ocrx_word' id='word_1_169' title='bbox 822 2725 985 2802; x_wconf 75' lang='lat' dir='ltr'><strong>historiae</strong></span> <span class='ocrx_word' id='word_1_170' title='bbox 1003 2725 1287 2802; x_wconf 67' lang='lat' dir='ltr'><strong>Ecclesiasticus</strong></span> <span class='ocrx_word' id='word_1_171' title='bbox 1302 2729 1410 2825; x_wconf 83' lang='lat' dir='ltr'><strong>apud</strong></span> 
     </span>
     <span class='ocr_line' id='line_1_23' title="bbox 138 2839 1413 2958; baseline 0.005 -45"><span class='ocrx_word' id='word_1_172' title='bbox 138 2849 194 2957; x_wconf 51' lang='lat' dir='ltr'><strong>suni</strong></span> <span class='ocrx_word' id='word_1_173' title='bbox 216 2861 241 2957; x_wconf 50' lang='lat' dir='ltr'><strong>an</strong></span> <span class='ocrx_word' id='word_1_174' title='bbox 259 2861 281 2958; x_wconf 58' lang='lat' dir='ltr'><strong>ff</strong></span> <span class='ocrx_word' id='word_1_175' title='bbox 301 2865 374 2916; x_wconf 84' lang='lat' dir='ltr'><strong>nos</strong></span> <span class='ocrx_word' id='word_1_176' title='bbox 390 2840 562 2940; x_wconf 82' lang='lat' dir='ltr'><strong>scriptor,</strong></span> <span class='ocrx_word' id='word_1_177' title='bbox 576 2841 684 2937; x_wconf 89' lang='lat' dir='ltr'><strong>cujus</strong></span> <span class='ocrx_word' id='word_1_178' title='bbox 696 2841 866 2918; x_wconf 85' lang='lat' dir='ltr'><strong>calamus</strong></span> <span class='ocrx_word' id='word_1_179' title='bbox 879 2841 1147 2918; x_wconf 64' lang='lat' dir='ltr'><strong>sensu&#39;tinctus</strong></span> <span class='ocrx_word' id='word_1_180' title='bbox 1160 2839 1246 2940; x_wconf 83' lang='lat' dir='ltr'><strong>ipsa</strong></span> <span class='ocrx_word' id='word_1_181' title='bbox 1258 2866 1413 2941; x_wconf 87' lang='lat' dir='ltr'><strong>semper</strong></span> 
     </span>
     <span class='ocr_line' id='line_1_24' title="bbox 127 2939 1412 3087; baseline 0.003 -57"><span class='ocrx_word' id='word_1_182' title='bbox 127 2943 205 3087; x_wconf 61' lang='lat' dir='ltr'><strong>&#39;m&#39;</strong></span> <span class='ocrx_word' id='word_1_183' title='bbox 242 2939 284 3050; x_wconf 37' lang='lat' dir='ltr'><strong>&#39;o‘</strong></span> <span class='ocrx_word' id='word_1_184' title='bbox 301 2954 453 3031; x_wconf 88' lang='lat' dir='ltr'><strong>videtur</strong></span> <span class='ocrx_word' id='word_1_185' title='bbox 468 2965 581 3032; x_wconf 86' lang='lat' dir='ltr'><strong>rectae</strong></span> <span class='ocrx_word' id='word_1_186' title='bbox 601 2955 757 3032; x_wconf 87' lang='lat' dir='ltr'><strong>rationis</strong></span> <span class='ocrx_word' id='word_1_187' title='bbox 774 2956 920 3033; x_wconf 84' lang='lat' dir='ltr'><strong>dictata</strong></span> <span class='ocrx_word' id='word_1_188' title='bbox 935 2958 1107 3046; x_wconf 84' lang='lat' dir='ltr'><strong>reddere,</strong></span> <span class='ocrx_word' id='word_1_189' title='bbox 1125 2956 1165 3032; x_wconf 92' lang='lat' dir='ltr'><strong>in</strong></span> <span class='ocrx_word' id='word_1_190' title='bbox 1191 2957 1412 3055; x_wconf 68' lang='lat' dir='ltr'><strong>prefatione</strong></span> 
     </span>
    </p>
   </div>
   <div class='ocr_carea' id='block_1_8' title="bbox 202 3056 1502 3869">
    <p class='ocr_par' dir='ltr' id='par_1_8' title="bbox 202 3056 1502 3869">
     <span class='ocr_line' id='line_1_25' title="bbox 202 3056 1408 3172; baseline 0.002 -26"><span class='ocrx_word' id='word_1_191' title='bbox 202 3056 231 3088; x_wconf 49' lang='grc' dir='ltr'><strong>ω’</strong></span> <span class='ocrx_word' id='word_1_192' title='bbox 300 3069 429 3146; x_wconf 86' lang='lat' dir='ltr'><strong>eximii</strong></span> <span class='ocrx_word' id='word_1_193' title='bbox 449 3070 575 3168; x_wconf 87' lang='lat' dir='ltr'><strong>operis</strong></span> <span class='ocrx_word' id='word_1_194' title='bbox 590 3071 783 3148; x_wconf 85' lang='lat' dir='ltr'><strong>verissime</strong></span> <span class='ocrx_word' id='word_1_195' title='bbox 809 3071 1162 3171; x_wconf 77' lang='lat' dir='ltr'><strong>elegantissimeque</strong></span> <span class='ocrx_word' id='word_1_196' title='bbox 1186 3071 1408 3172; x_wconf 87' lang='lat' dir='ltr'><strong>disputavit,</strong></span> 
     </span>
     <span class='ocr_line' id='line_1_26' title="bbox 300 3185 1412 3290; baseline 0.002 -28"><span class='ocrx_word' id='word_1_197' title='bbox 300 3189 349 3262; x_wconf 91' lang='lat' dir='ltr'><strong>de</strong></span> <span class='ocrx_word' id='word_1_198' title='bbox 361 3185 513 3262; x_wconf 89' lang='lat' dir='ltr'><strong>minime</strong></span> <span class='ocrx_word' id='word_1_199' title='bbox 525 3187 736 3282; x_wconf 82' lang='lat' dir='ltr'><strong>inserendis</strong></span> <span class='ocrx_word' id='word_1_200' title='bbox 748 3189 787 3263; x_wconf 92' lang='lat' dir='ltr'><strong>in</strong></span> <span class='ocrx_word' id='word_1_201' title='bbox 804 3186 997 3267; x_wconf 80' lang='lat' dir='ltr'><strong>historiam</strong></span> <span class='ocrx_word' id='word_1_202' title='bbox 1011 3187 1150 3290; x_wconf 84' lang='lat' dir='ltr'><strong>criticis</strong></span> <span class='ocrx_word' id='word_1_203' title='bbox 1164 3186 1412 3287; x_wconf 77' lang='lat' dir='ltr'><strong>disceptatio-</strong></span> 
     </span>
     <span class='ocr_line' id='line_1_27' title="bbox 299 3302 1411 3404; baseline 0.004 -26"><span class='ocrx_word' id='word_1_204' title='bbox 299 3302 423 3378; x_wconf 87' lang='lat' dir='ltr'><strong>nibus.</strong></span> <span class='ocrx_word' id='word_1_205' title='bbox 440 3302 696 3393; x_wconf 86' lang='lat' dir='ltr'><strong>“Exstructo,</strong></span> <span class='ocrx_word' id='word_1_206' title='bbox 710 3304 845 3402; x_wconf 87' lang='lat' dir='ltr'><strong>inquit,</strong></span> <span class='ocrx_word' id='word_1_207' title='bbox 858 3304 1030 3398; x_wconf 74' lang='lat' dir='ltr'><strong>aedificio,</strong></span> <span class='ocrx_word' id='word_1_208' title='bbox 1044 3304 1146 3381; x_wconf 87' lang='lat' dir='ltr'><strong>etad</strong></span> <span class='ocrx_word' id='word_1_209' title='bbox 1159 3305 1312 3382; x_wconf 85' lang='lat' dir='ltr'><strong>culmen</strong></span> <span class='ocrx_word' id='word_1_210' title='bbox 1324 3329 1411 3404; x_wconf 89' lang='lat' dir='ltr'><strong>per-</strong></span> 
     </span>
     <span class='ocr_line' id='line_1_28' title="bbox 300 3407 1502 3516; baseline 0.006 -21"><span class='ocrx_word' id='word_1_211' title='bbox 300 3420 560 3516; x_wconf 85' lang='lat' dir='ltr'><strong>“ducto,jam</strong></span> <span class='ocrx_word' id='word_1_212' title='bbox 571 3421 769 3509; x_wconf 73' lang='lat' dir='ltr'><strong>machinae,</strong></span> <span class='ocrx_word' id='word_1_213' title='bbox 784 3420 1200 3510; x_wconf 81' lang='lat' dir='ltr'><strong>tollenones,sulcrn,et</strong></span> <span class='ocrx_word' id='word_1_214' title='bbox 1214 3407 1411 3498; x_wconf 77' lang='lat' dir='ltr'><strong>erectaein</strong></span> <span class='ocrx_word' id='word_1_215' title='bbox 1501 3489 1502 3502; x_wconf 70' lang='grc'>,</span> 
     </span>
     <span class='ocr_line' id='line_1_29' title="bbox 299 3535 1408 3642; baseline 0.003 -31"><span class='ocrx_word' id='word_1_216' title='bbox 299 3536 453 3614; x_wconf 85' lang='lat' dir='ltr'><strong>“altum</strong></span> <span class='ocrx_word' id='word_1_217' title='bbox 473 3537 705 3635; x_wconf 74' lang='lat' dir='ltr'><strong>temporaria</strong></span> <span class='ocrx_word' id='word_1_218' title='bbox 730 3535 1057 3642; x_wconf 70' lang='lat' dir='ltr'><strong>contribulationes</strong></span> <span class='ocrx_word' id='word_1_219' title='bbox 1083 3538 1279 3626; x_wconf 87' lang='lat' dir='ltr'><strong>tolluntur,</strong></span> <span class='ocrx_word' id='word_1_220' title='bbox 1298 3540 1408 3635; x_wconf 90' lang='lat' dir='ltr'><strong>quod</strong></span> 
     </span>
     <span class='ocr_line' id='line_1_30' title="bbox 299 3651 1412 3754; baseline 0.004 -27"><span class='ocrx_word' id='word_1_221' title='bbox 299 3665 323 3698; x_wconf 74' lang='lat'><strong>‘¹</strong></span> <span class='ocrx_word' id='word_1_222' title='bbox 335 3652 485 3728; x_wconf 87' lang='lat' dir='ltr'><strong>scilicet</strong></span> <span class='ocrx_word' id='word_1_223' title='bbox 502 3653 583 3728; x_wconf 85' lang='lat' dir='ltr'><strong>haec</strong></span> <span class='ocrx_word' id='word_1_224' title='bbox 597 3653 681 3747; x_wconf 84' lang='lat' dir='ltr'><strong>jem</strong></span> <span class='ocrx_word' id='word_1_225' title='bbox 696 3664 735 3730; x_wconf 88' lang='lat' dir='ltr'><strong>et</strong></span> <span class='ocrx_word' id='word_1_226' title='bbox 751 3679 861 3732; x_wconf 89' lang='lat' dir='ltr'><strong>usurn</strong></span> <span class='ocrx_word' id='word_1_227' title='bbox 879 3651 1002 3753; x_wconf 85' lang='lat' dir='ltr'><strong>operis</strong></span> <span class='ocrx_word' id='word_1_228' title='bbox 1019 3654 1247 3754; x_wconf 73' lang='lat' dir='ltr'><strong>impeditura</strong></span> <span class='ocrx_word' id='word_1_229' title='bbox 1263 3653 1352 3743; x_wconf 90' lang='lat' dir='ltr'><strong>sint,</strong></span> <span class='ocrx_word' id='word_1_230' title='bbox 1368 3665 1412 3731; x_wconf 89' lang='lat' dir='ltr'><strong>et</strong></span> 
     </span>
     <span class='ocr_line' id='line_1_31' title="bbox 299 3767 1409 3869; baseline 0.002 -25"><span class='ocrx_word' id='word_1_231' title='bbox 299 3770 560 3868; x_wconf 82' lang='lat' dir='ltr'><strong>“adspectum</strong></span> <span class='ocrx_word' id='word_1_232' title='bbox 585 3768 876 3844; x_wconf 77' lang='lat' dir='ltr'><strong>detonnatura.”</strong></span> <span class='ocrx_word' id='word_1_233' title='bbox 913 3767 1093 3844; x_wconf 87' lang='lat' dir='ltr'><strong>·Eadem</strong></span> <span class='ocrx_word' id='word_1_234' title='bbox 1125 3770 1240 3869; x_wconf 87' lang='lat' dir='ltr'><strong>plane</strong></span> <span class='ocrx_word' id='word_1_235' title='bbox 1273 3769 1409 3853; x_wconf 82' lang='lat' dir='ltr'><strong>hurum</strong></span> 
     </span>
    </p>
   </div>
   <div class='ocr_carea' id='block_1_9' title="bbox 158 3883 1408 3982">
    <p class='ocr_par' dir='ltr' id='par_1_9' title="bbox 158 3883 1408 3982">
     <span class='ocr_line' id='line_1_32' title="bbox 158 3883 1408 3982; baseline 0.004 -25"><span class='ocrx_word' id='word_1_236' title='bbox 158 3963 161 3970; x_wconf 13' lang='grc' dir='ltr'><strong><em>Δ</em></strong></span> <span class='ocrx_word' id='word_1_237' title='bbox 297 3883 594 3982; x_wconf 85' lang='lat' dir='ltr'><strong>discrepantium</strong></span> <span class='ocrx_word' id='word_1_238' title='bbox 607 3883 647 3960; x_wconf 90' lang='lat' dir='ltr'><strong>iu</strong></span> <span class='ocrx_word' id='word_1_239' title='bbox 660 3883 774 3962; x_wconf 82' lang='lat' dir='ltr'><strong>variis</strong></span> <span class='ocrx_word' id='word_1_240' title='bbox 792 3885 993 3962; x_wconf 88' lang='lat' dir='ltr'><strong>codicibus</strong></span> <span class='ocrx_word' id='word_1_241' title='bbox 1004 3886 1212 3962; x_wconf 87' lang='lat' dir='ltr'><strong>lectionum</strong></span> <span class='ocrx_word' id='word_1_242' title='bbox 1223 3885 1319 3964; x_wconf 85' lang='lat' dir='ltr'><strong>ratio</strong></span> <span class='ocrx_word' id='word_1_243' title='bbox 1334 3897 1408 3979; x_wconf 86' lang='lat' dir='ltr'><strong>est,</strong></span> 
     </span>
    </p>
   </div>
   <div class='ocr_carea' id='block_1_10' title="bbox 296 3983 1420 4226">
    <p class='ocr_par' dir='ltr' id='par_1_10' title="bbox 296 3983 1420 4226">
     <span class='ocr_line' id='line_1_33' title="bbox 296 3983 1420 4098; baseline 0.004 -24"><span class='ocrx_word' id='word_1_244' title='bbox 296 4025 381 4097; x_wconf 76' lang='lat' dir='ltr'><strong>qua</strong></span> <span class='ocrx_word' id='word_1_245' title='bbox 398 3999 447 4074; x_wconf 83' lang='lat' dir='ltr'><strong>ab</strong></span> <span class='ocrx_word' id='word_1_246' title='bbox 471 3999 675 4098; x_wconf 86' lang='lat' dir='ltr'><strong>interprete</strong></span> <span class='ocrx_word' id='word_1_247' title='bbox 691 3999 741 4076; x_wconf 85' lang='lat' dir='ltr'><strong>ad</strong></span> <span class='ocrx_word' id='word_1_248' title='bbox 759 3983 1069 4078; x_wconf 86' lang='lat' dir='ltr'><strong>concinnandum</strong></span> <span class='ocrx_word' id='word_1_249' title='bbox 1091 4001 1420 4080; x_wconf 83' lang='lat' dir='ltr'><strong>commentarium·</strong></span> 
     </span>
     <span class='ocr_line' id='line_1_34' title="bbox 296 4114 1100 4226; baseline 0.004 -35"><span class='ocrx_word' id='word_1_250' title='bbox 296 4114 525 4191; x_wconf 87' lang='lat' dir='ltr'><strong>adhibendae</strong></span> <span class='ocrx_word' id='word_1_251' title='bbox 541 4125 643 4212; x_wconf 88' lang='lat' dir='ltr'><strong>sunt,</strong></span> <span class='ocrx_word' id='word_1_252' title='bbox 661 4116 835 4226; x_wconf 75' lang='lat' dir='ltr'><strong>absoluto</strong></span> <span class='ocrx_word' id='word_1_253' title='bbox 851 4119 1100 4198; x_wconf 75' lang='lat' dir='ltr'><strong>removendae.</strong></span> 
     </span>
    </p>
   </div>
   <div class='ocr_carea' id='block_1_11' title="bbox 346 4229 1406 4333">
    <p class='ocr_par' dir='ltr' id='par_1_11' title="bbox 346 4229 1406 4333">
     <span class='ocr_line' id='line_1_35' title="bbox 346 4229 1406 4333; baseline 0 -25"><span class='ocrx_word' id='word_1_254' title='bbox 346 4229 459 4308; x_wconf 85' lang='lat' dir='ltr'><strong>Hanc</strong></span> <span class='ocrx_word' id='word_1_255' title='bbox 478 4241 604 4316; x_wconf 83' lang='lat' dir='ltr'><strong>tamen</strong></span> <span class='ocrx_word' id='word_1_256' title='bbox 621 4233 748 4310; x_wconf 87' lang='lat' dir='ltr'><strong>adhoc</strong></span> <span class='ocrx_word' id='word_1_257' title='bbox 766 4235 1031 4333; x_wconf 81' lang='lat' dir='ltr'><strong>exceptionem</strong></span> <span class='ocrx_word' id='word_1_258' title='bbox 1051 4233 1349 4333; x_wconf 85' lang='lat' dir='ltr'><strong>apposuerimus,</strong></span> <span class='ocrx_word' id='word_1_259' title='bbox 1359 4233 1406 4308; x_wconf 92' lang='lat' dir='ltr'><strong>id</strong></span> 
     </span>
    </p>
   </div>
   <div class='ocr_carea' id='block_1_12' title="bbox 0 0 1526 4980">
    <p class='ocr_par' dir='ltr' id='par_1_12' title="bbox 0 0 1526 4980">
     <span class='ocr_line' id='line_1_36' title="bbox 0 0 1526 4980; baseline 0 0"><span class='ocrx_word' id='word_1_260' title='bbox 0 0 1526 4980; x_wconf 95' lang='lat' dir='ltr'><strong> </strong></span> 
     </span>
    </p>
   </div>
  </div>
 </body>
</html>
