3056 4976
432 231 534 292 LlB.'
552 231 637 292 ΧΗ.
663 233 769 292 CAP.
795 232 852 292 lX.
1101 221 1104 226 ’
1141 235 1176 290 41

123 400 221 457 matus
238 401 325 458 'essa
369 393 459 460 Inter
484 395 566 472 haec,
589 415 665 481 ⁴qum
693 394 937 475 nunciabantur,
951 391 1057 480 'lupus
1085 389 1179 461 etiam
1188 395 1337 462 eluisti

120 471 238 541 Romae
257 477 394 546 interdiu
418 481 563 568 agitatus,
579 503 678 567 quum
694 482 817 546 Collina
838 495 932 568 portu
952 482 1108 562 intrasset,
1123 479 1219 566 perd*
1229 479 1258 527 ⁰·
1270 485 1326 531 ¹²⁷·

120 559 316 648 Esquilinam
338 588 456 652 magno
477 568 726 633 consectantium
749 568 886 633 tumultu
905 566 1013 632 erasit.
1058 567 1180 632 Eorum

118 647 338 736 prodigiorum
362 674 472 717 caussa
495 655 638 718 consules
667 655 801 738 majores
830 655 949 720 hostias
975 653 1180 730 inmolarunt,
1258 693 1262 702 ·
1335 691 1338 698 ι

119 745 151 796 et
163 732 249 798 diem
266 759 365 802 unum
380 739 465 804 circa
478 741 586 804 omnia
606 739 785 825 pulvinaria
798 741 985 826 snpplicatio
1006 739 1077 804 fuit.
1122 740 1181 804 Sa·

119 819 247 886 orificiis
270 825 331 888 rite
353 823 506 909 perfectis,
529 827 707 909 provincias
727 826 828 890 sortiti
852 839 946 890 sunt:
972 825 1109 890 Claudio
1132 825 1180 890 Is-

119 907 186 982 tria‚
202 908 396 994 Sempronio
411 910 559 976 Sardinia
575 911 712 977 obvenit.
744 907 782 950 '⁴³
792 913 911 1000 Legem
926 911 1020 978 deinp
1034 911 1075 976 de
1088 910 1237 976 sociisuex
1248 927 1276 974 ue
1286 927 1331 974 us

120 991 156 1056 C.
173 992 329 1060 Claudius
342 993 417 1062 tulit
430 996 710 1076 senatusconsulto,
725 1012 756 1062 ot
771 997 890 1064 edixit:
913 1001 967 1086 qui
984 1000 1061 1062 socii
1073 1019 1111 1061 oc
1125 1019 1180 1062 rso-
1189 991 1256 1042 2³⁰³·

117 1080 207 1144 minis
220 1081 348 1159 Latini,
364 1085 433 1166 r'psi
443 1083 608 1168 moy'oresue
620 1105 732 1161 eorum,
748 1085 798 1148 M.
815 1087 959 1163 Claudio,
978 1085 1021 1148 T.
1034 1084 1180 1160 Quinctio

116 1167 299 1246 censoribus,
309 1179 439 1254 postque
449 1192 496 1247 eo,
507 1173 594 1252 opud
605 1172 699 1236 socios
709 1173 841 1236 nominis
851 1173 967 1235 Latini
979 1173 1062 1236 cerui
1071 1181 1179 1251 essent,

116 1259 149 1313 ut
162 1273 264 1316 omues
279 1256 314 1317 in
327 1276 412 1318 asom
426 1257 551 1340 ortisque
563 1257 714 1321 ciuitdtem
725 1267 798 1320 anre
810 1258 970 1322 Kalendas
983 1256 1180 1321 Nouembrem

117 1339 263 1402 redirent.
309 1339 465 1419 Quaestio,
478 1342 533 1426 qui
547 1342 592 1406 ita
605 1363 670 1407 uon
685 1341 849 1421 redissent,
867 1345 903 1407 1..
921 1343 1082 1408 Mummio
1097 1363 1179 1426 prae·

115 1423 175 1486 tori
189 1423 320 1490 decretu
334 1439 391 1492 est.
414 1428 453 1492 ad
476 1427 579 1515 legem
601 1439 632 1492 et
652 1427 793 1492 edictum
816 1429 954 1494 consulis
976 1443 1180 1494 senatuscon-

116 1507 229 1574 sultum
256 1511 416 1596 adjectum
439 1527 502 1578 est:
525 1512 603 1593 ⁴⁴ut,
618 1516 762 1591 dictator,
777 1518 888 1592 conari,
905 1518 1050 1589 inter-rer,
1065 1535 1180 1590 censor,

112 1606 237 1676 pretor,
254 1601 312 1681 qui
335 1614 429 1664 nuuc*
442 1609 527 1677 emet,
543 1602 628 1683 apud
651 1609 767 1664 eomes·
789 1609 887 1685 quesa‘
907 1604 1182 1681 maumitteretar,

116 1681 147 1744 ia
170 1683 347 1748 libertatem
376 1687 597 1764 vindicaretur,
619 1695 654 1751 ut
671 1684 891 1770 jusjurandum
916 1691 1015 1764 daret,
1038 1689 1093 1770 qui
1117 1707 1182 1750 eum

115 1771 506 1847 manusteneastviratts
530 1775 685 1837 mutandos
708 1795 815 1838 cerusa
841 1795 933 1838 manu
958 1794 1019 1836 nou
1044 1774 1180 1836 mittere.-

16 1861 17 1926 Ῐ
115 1854 165 1934 qui
187 1855 221 1918 id
245 1877 315 1919 nou
333 1857 467 1941 juraret,
482 1878 554 1922 eum
569 1857 865 1940 ,manumittendum
891 1881 957 1922 non
979 1871 1181 1923 censuerunt.

117 1935 229 2006 ”Haec
244 1942 284 2006 in
306 1956 467 2027 posterum
489 1965 598 2009 caussa
614 1944 756 2030 jurisque
777 1944 875 2011 dictio
892 1945 932 2012 C.
948 1943 1085 2010 Claudio
1105 1965 1181 2010 con·

116 2025 173 2088 suli
187 2027 320 2094 decreta
334 2043 392 2094 eat.

146 2179 254 2229 rtetste
266 2179 414 2238 coniunctim
426 2184 502 2232 Grou.
561 2184 724 2232 iNosesallris
736 2186 804 2234 Cres.
870 2189 949 2232 rtssssc
958 2183 1019 2230 ssu.
1082 2183 1182 2244 ‘soram

16 2267 17 2274 1
117 2241 237 2294 ”Gnm
307 2247 316 2279 l
327 2250 577 2310 postquemsdditum
590 2249 734 2312 [qus'JCrer.
1084 2251 1089 2258 ’

147 2380 177 2424 ta
189 2378 286 2440 Legem
296 2379 350 2426 deiri
363 2380 472 2428 demotis
484 2380 510 2426 G.
521 2379 636 2428 Claudias
666 2380 712 2435 rio,
730 2379 768 2424 sel
789 2377 916 2435 consulari,
933 2381 979 2424 stc.
997 2377 1136 2437 iungeretur
1154 2389 1183 2424 co

119 2440 172 2486 tulit
180 2441 398 2507 namuecorsstdto]
414 2447 481 2492 Deis
498 2445 526 2492 de
541 2444 634 2492 divisim
666 2449 772 2503 tempore
787 2456 835 2502 quo
855 2446 1004 2503 permutetur
1020 2441 1184 2499 manumissio,

118 2505 151 2550 edi
173 2507 305 2568 jussimus,
325 2512 443 2569 quomodo
466 2511 538 2557 habet
560 2509 635 2570 prima
666 2511 695 2554 ut
720 2509 750 2566 is,
773 2508 879 2567 inquam,
901 2508 942 2566 qui
967 2507 1184 2564 manumitteretur,

117 2569 194 2628 editio,
202 2579 269 2621 teste
283 2573 397 2622 Hearnio.
429 2575 510 2622 Sedet
520 2576 569 2631 lege
580 2589 633 2623 cum
662 2573 830 2632 jusjurandum
846 2573 921 2629 daret,
935 2583 1108 2618 nooesmesse
1118 2585 1185 2618 men·

118 2635 234 2684 Gronorio
246 2655 282 2686 es
292 2641 502 2689 senatuconsulto.
521 2641 559 2687 Sic
570 2635 633 2687 enim
665 2644 714 2686 tem
738 2639 939 2696 manumittentis,
951 2644 979 2683 ut
995 2637 1055 2698 ipse,
1068 2636 1092 2682 id
1105 2640 1152 2694 est,
1163 2637 1184 2684 is

118 2700 172 2748 solet
183 2703 277 2750 Livius.
665 2704 707 2764 qui
727 2704 947 2760 manumittebstnr,
963 2703 1085 2750 civitatem
1105 2705 1184 2749 muta·

145 2770 175 2812 44
195 2767 229 2815 Ut
247 2769 365 2827 dictator,
387 2764 477 2831 comat]
498 2769 575 2826 Vulgo
596 2770 635 2816 liic
667 2777 710 2815 ret.
740 2769 817 2829 Apud
824 2782 904 2815 eoram
915 2783 982 2829 quem
992 2767 1053 2814 idem
1064 2772 1101 2813 cst
1113 2772 1185 2827 atque

115 2827 206 2890 lenitur,
221 2834 256 2882 tu
269 2835 376 2882 dictator
386 2864 393 2880 .
403 2865 411 2879 .
421 2841 510 2895 prem
520 2835 563 2897 qus·
572 2847 636 2880 surse
667 2834 734 2895 opud
745 2847 825 2881 eorsss
841 2833 953 2894 disses,
967 2847 1051 2892 nempe
1065 2833 1128 2893 apud
1141 2830 1184 2879 ali·

115 2903 168 2950 esset
187 2901 255 2960 apud
263 2901 360 2961 sosass.
373 2915 442 2963 quem
456 2901 636 2946 summittere·
667 2913 737 2959 quem
754 2913 835 2946 corum
854 2899 1036 2960 msgistrstuum
1055 2897 1095 2958 qui
1115 2898 1184 2944 initio

117 2965 160 3008 tur.
191 2963 243 3012 Nos
261 2973 458 3026 reprassntsmua
469 2971 572 3011 soterem
589 2965 631 3012 hu·
668 2965 785 3011 nominati
807 2969 874 3011 sunt.
907 2964 956 3019 Qus·
978 2971 1035 3010 tuso
1056 2970 1116 3009 esset
1133 2977 1185 3009 om·

113 3021 151 3080 Jus
169 3025 214 3075 loci
232 3030 372 3090 lectionem,
383 3031 474 3091 qualem
486 3029 634 3087 lambecius,
668 3029 860 3090 ninolegendum
876 3033 994 3089 putamus.
1028 3027 1184 3086 Huiuseuim

116 3089 200 3140 eitsms
226 3095 349 3153 Hearuio,
372 3095 469 3142 exhibet
495 3097 587 3142 Comm.
606 3095 636 3140 ds
667 3095 780 3142 S.C.sis
798 3094 884 3141 nonin
901 3099 1040 3155 pmsentem
1057 3093 1128 3140 modo
1141 3105 1186 3140 sn·

116 3151 230 3207 Bibliolh.
247 3160 357 3208 Wndob.
377 3162 395 3207 l.
409 3159 441 3206 11.
460 3175 481 3205 o.
499 3165 522 3206 8.
537 3175 561 3220 p.
578 3165 634 3208 tna.
668 3173 736 3217 num,
758 3160 800 3205 md
823 3163 849 3205 et
874 3159 901 3205 iu
927 3159 1021 3206 laturos
1042 3158 1185 3219 pertinebat.

117 3219 279 3286 depromptam
296 3239 325 3271 ex
342 3226 415 3272 unico
430 3225 520 3282 codice,
535 3225 575 3284 qui
591 3224 635 3272 iso·
668 3225 782 3270 Praeterea
808 3223 889 3270 nullm
921 3229 971 3270 erat
1002 3225 1095 3277 Roma,
1125 3228 1185 3270 tuns

116 3284 151 3330 dis
166 3287 191 3334 in
202 3290 358 3338 Bibliotheca
375 3291 480 3337 Cesarea
495 3294 635 3336 munstur.
668 3303 741 3349 quum
753 3288 778 3335 S.
790 3289 817 3334 c.
830 3287 889 3336 illud
901 3288 1005 3346 damur,
1016 3301 1060 3334 nec
1072 3289 1185 3346 dictatos,

118 3347 144 3394 ld
164 3353 242 3402 sotum
266 3356 422 3409 mutavimus,
444 3355 507 3415 qood
526 3367 571 3416 pro
594 3355 637 3415 qut
669 3367 712 3400 nec
727 3355 838 3410 interrex,
850 3367 927 3414 usque
942 3354 1024 3409 etism,
1035 3357 1064 3399 ut
1078 3354 1184 3411 ridetur,

117 3428 177 3463 nuso
192 3426 254 3466 esset
272 3421 387 3468 edidimus
403 3421 446 3482 qui
463 3426 520 3466 tasso
537 3425 634 3466 essessa
666 3432 758 3466 censor.
789 3417 935 3478 Daoiqueid
946 3431 1035 3465 morsm
1047 3417 1123 3464 iacere
1134 3431 1183 3464 non

116 3488 192 3546 ments
212 3485 342 3544 tirunculi,
361 3489 387 3532 st
404 3485 547 3532 inseruimus
563 3498 635 3532 soca·
667 3483 746 3541 debat,
757 3485 821 3544 quod
840 3483 871 3530 sb
890 3497 918 3530 eo
939 3484 979 3542 qu's
996 3483 1185 3540 manumittitur,

116 3541 159 3591 lam
178 3550 222 3610 qus·
240 3555 300 3598 anta
320 3549 538 3598 manumitteretur.
569 3550 633 3602 Nsm
662 3548 830 3608 tusjuauusm
857 3547 959 3609 exigitur
990 3549 1022 3594 ds
1049 3553 1130 3596 menta
1158 3553 1185 3594 st

117 3615 195 3659 vetem
212 3616 361 3662 mutationes
375 3619 400 3664 et
415 3614 550 3662 leviusculte
567 3620 634 3672 sunt,
666 3613 766 3662 consilio
787 3612 988 3660 manumittentis.
1020 3613 1083 3660 Nam
1106 3612 1184 3673 primo

116 3678 255 3726 ctesidenti
272 3682 302 3727 de
314 3693 386 3728 sauss
400 3679 451 3738 jam
468 3680 525 3728 olim
541 3679 609 3726 tacte
620 3693 637 3724 a
666 3678 702 3726 ita
712 3693 737 3726 se
747 3693 796 3725 ram
812 3679 922 3726 habuisse
932 3677 1021 3724 insiste
1036 3679 1138 3737 probant
1156 3691 1185 3724 ea

117 3737 210 3790 Simone
223 3747 339 3808 Grynao,
350 3746 380 3792 sb
396 3746 553 3804 omnibusque
568 3744 635 3792 deiu-
667 3758 719 3804 qua
732 3744 837 3804 proxime
848 3748 980 3804 sequuntur
996 3743 1083 3789 verbs:
1101 3743 1144 3804 qui
1158 3744 1187 3790 id

118 3817 168 3866 ceps
187 3809 321 3858 editoribus
338 3811 488 3872 approbate:
505 3810 634 3856 mmsusstt·
666 3823 712 3856 soa
726 3809 832 3870 juraret,
845 3819 898 3855 mm
910 3808 1126 3854 monstrandas·
1137 3821 1185 3853 sss

118 3873 175 3930 teret
193 3889 237 3937 pso
257 3875 435 3933 mamrdttere,
452 3875 574 3922 maraste
591 3888 635 3935 pro
666 3880 814 3922 emmeant·
857 3875 913 3921 Jsm
945 3886 1010 3930 sero,
1038 3885 1111 3932 quum
1144 3873 1185 3918 ills

118 3932 255 3998 mutraseae,
278 3941 377 4001 juraret
401 3955 445 4002 pro
463 3941 560 4001 jurare,
587 3945 632 3986 eto.
665 3941 739 3998 fraus,
750 3953 803 4000 quse
814 3938 859 3984 hoc
871 3939 896 3987 S.
906 3941 934 3985 G.
946 3943 1054 3995 caretur,
1064 3938 1089 3984 in
1101 3949 1186 3984 mauu·

118 3998 282 4060 Haimieitus
296 4005 634 4054 momuscousultihuucesse
666 4005 732 4052 missi
757 4003 875 4065 precipua
901 4005 1051 4052 eommodum
1083 4003 1187 4061 cederet,

120 4077 212 4124 durum
228 4071 355 4128 credimus,
373 4076 403 4118 ut
422 4072 463 4132 qui
482 4070 635 4118 manumitte·
666 4070 707 4117 ille
721 4069 853 4116 habebam
867 4069 943 4116 totius
960 4069 994 4114 rei
1010 4073 1097 4126 aput:
1113 4074 1186 4129 stass

121 4135 191 4192 retur,
209 4135 248 4181 sel
271 4137 297 4184 in
320 4135 454 4184 libertatem
476 4135 635 4183 vindicaretur
666 4135 721 4183 ideo
731 4134 800 4181 abeo
806 4133 973 4192 jusjurandum
984 4133 1095 4194 exigitur.

122 4197 181 4254 wad
194 4199 297 4260 aliquem
315 4203 492 4264 magistratum,
507 4205 568 4262 puts
586 4199 635 4246 dio·
699 4203 732 4245 dn
748 4198 810 4245 Hac
822 4231 829 4246 .
841 4227 849 4243 .
861 4231 869 4246 .
881 4213 955 4244 sams
968 4199 1083 4260 jurisque
1099 4195 1187 4261 dictio]

123 4263 228 4322 latorem,
245 4267 282 4312 sel
300 4267 430 4320 consulem,
447 4267 485 4312 sel
504 4278 635 4322 comtum,
665 4264 778 4312 Testatur
801 4263 950 4321 Lambaeius,
969 4265 1130 4312 commestus.
1152 4265 1187 4312 de

124 4325 158 4369 sel
188 4327 336 4392 interregem,
362 4332 400 4378 sel
430 4336 566 4391 pretorem,
592 4329 636 4390 qul
666 4329 782 4377 Biblioth.
803 4328 1187 4380 vindob.t.11.c.a.unisom

124 4390 178 4437 tuuc
188 4399 260 4454 esset,
272 4395 294 4442 id
310 4401 356 4459 est,
368 4397 409 4458 qui
426 4409 523 4444 munere
534 4396 634 4444 dictato·
667 4395 782 4457 usupra
794 4393 895 4444 nauem
911 4393 963 4443 tac
973 4427 980 4444 .
992 4427 1001 4446 .
1012 4425 1019 4444 .
1030 4392 1188 4454 mustissss'·
