3120 4984
376 142 510 276 'sis
531 171 631 234 xiii.
657 173 762 235 cns.
780 175 948 278 xxx1vs
1013 227 1017 232 .
1152 177 1196 239 ss
1268 136 1275 254 s

135 336 245 417 bentes,
262 338 455 420 impedirem,-
478 346 534 404 unct
543 335 742 420 prohiberent
754 343 911 418 commun,
927 361 1012 425 quen
1025 342 1132 426 meique
1145 364 1196 406 ar·
1206 356 1234 404 d.
1245 355 1273 404 a.
1283 356 1341 406 osis

136 426 235 489 dinem
250 424 416 507 adsignari
429 445 446 488 e
458 423 616 506 republica
628 434 713 501 esset,
725 447 789 492 enm
804 429 981 512 adsignare.
1026 427 1064 492 Si
1077 430 1153 512 quid
1161 420 1272 493 indic·
1284 421 1340 470 ¹⁷¹·

132 532 173 574 ea
187 533 221 577 rc
235 511 358 576 dubium
372 519 457 588 esset,
472 512 663 574 adsecutum
677 510 848 595 rejicerent.
1212 507 1217 518 “

179 593 351 662 XXXIV.
375 594 547 682 Postquam
569 595 689 672 consul,
705 619 777 682 quae
791 595 945 675 voluerat,
961 599 1051 677 dixit,
1069 599 1123 684 Sp.
1139 598 1196 665 Li·

134 681 279 770 gustinus
294 703 335 748 ex
348 703 387 746 eo
401 703 544 757 numero,
560 682 615 766 qui
636 682 780 747 tribunos
800 683 901 768 plebis
916 685 1161 770 adpellsversnt,
1176 710 1198 750 a

134 767 263 834 consule
278 780 309 832 et
324 766 364 830 sb
379 767 514 832 tribunis
529 767 629 850 petiit,
640 780 678 832 ut
690 768 750 832 sibi
760 770 867 854 paucis
882 771 922 835 ud
934 772 1088 856 populum
1103 793 1197 861 agere

134 852 253 920 liceret.
277 853 438 918 Permissu
453 853 908 920 omniumitaloeutusfertur.
952 857 1361 943 sptigsmmmspaisud-

131 941 229 1004 tribus
245 941 449 1005 Crustuminae
463 961 500 1004 en
514 939 639 1005 Sabinis
650 962 714 1006 sum
724 943 883 1018 ,oriundus
903 942 1051 1018 Quirites.
1101 944 1231 1008 Puter¹¹¹
1241 928 1357 1038 ⁰¹fu⁰⁸⁶

133 1027 209 1092 mibi
219 1026 366 1111 jugerum
380 1025 452 1110 agri
465 1027 591 1108 reliquit
611 1035 641 1090 et
656 1049 787 1108 parvum
802 1031 968 1112 tugurium,
984 1032 1018 1094 in
1033 1052 1096 1114 qua
1106 1007 1269 1094 natusp⁰pu
1280 1005 1331 1038 um.

132 1115 334 1196 educatusque
343 1133 423 1176 sum.-
445 1113 592 1195 hodieque
602 1112 648 1176 ibi
657 1112 771 1178 dubita.
793 1113 819 1150 ¹²
827 1113 925 1188 &eum
930 1117 1065 1198 primum
1076 1119 1110 1180 in
1120 1127 1197 1181 aeta·

130 1208 190 1264 tem
206 1200 286 1274 neni,
296 1207 392 1281 pater
405 1199 483 1262 nini
496 1219 617 1262 urormn
626 1198 751 1282 fratris
763 1202 813 1264 sui
821 1202 925 1283 filiam
946 1203 1048 1266 dedis.-
1070 1224 1138 1285 quoe
1150 1225 1197 1267 se·

130 1307 195 1350 etim
211 1286 295 1348 nibil
308 1285 429 1360 adtulit,
439 1294 558 1366 proeter
572 1284 740 1349 libertatem
755 1289 1009 1370 pudicitiamque,
1026 1297 1055 1352 el
1069 1310 1133 1352 cum
1147 1290 1197 1354 bis

120 1371 370 1453 soemnditntm,
385 1381 502 1453 quauta
516 1372 564 1434 vel
582 1371 617 1434 in
639 1372 701 1435 diti
721 1373 807 1436 deno
827 1375 905 1438 sotis
925 1383 1008 1438 esset.
1052 1375 1112 1439 See
1121 1376 1198 1457 filii

131 1456 227 1532 nobis,
242 1458 398 1538 ducefiliae
408 1466 494 1522 sunt.-
510 1456 720 1540 utraquejam
731 1468 846 1540 nuptae.
876 1460 957 1523 Filii
968 1470 1099 1544 quotuor
1109 1457 1196 1546 toga's
1261 1491 1266 1502 ·

131 1545 239 1608 uiriles
263 1543 386 1617 babent,
409 1545 469 1608 dua
487 1545 671 1625 prutentuti
692 1554 771 1608 stent.
818 1543 914 1610 Miles
938 1568 1001 1610 sum
1015 1547 1135 1631 factus,
1153 1549 1196 1613 Ρ.

131 1630 282 1712 Sulpicio,
300 1629 334 1694 C.
348 1629 477 1692 Aurelii
491 1629 668 1694 consulibus.
711 1631 752 1694 In
766 1651 801 1694 ea
815 1634 958 1708 exercitu,
975 1635 1028 1716 qui
1043 1635 1076 1696 in
1088 1633 1196 1697 Mace·

132 1717 256 1780 danim
271 1725 315 1780 est
328 1724 565 1792 transportatur,
581 1714 734 1780 biennium
749 1719 834 1780 miles
847 1719 1074 1802 gregariusfui
1087 1720 1197 1784 adver·

131 1824 181 1866 sus
194 1803 378 1884 Philippum
403 1823 518 1884 regem.-
550 1803 643 1866 tertio
661 1823 742 1865 anna
768 1805 892 1868 virtutis
913 1825 1019 1869 caussa
1034 1801 1141 1868 ¹³milei
1159 1806 1195 1868 T.

133 1887 299 1963 Quinctius
311 1889 509 1952 Flamininus
523 1888 672 1952 decumum
686 1890 823 1954 ordinem
837 1891 989 1954 hastatum
1008 1893 1206 1975 adsignauit,

135 1975 267 2040 Devicta
281 1975 433 2056 Philippo
448 1973 734 2057 Macedonibusque,
750 1997 838 2058 quum
859 1978 893 2039 iu
906 1976 1036 2040 Italiam
1051 1975 1205 2060 1⁴portati

133 2083 171 2127 ac
184 2061 306 2125 dimissi
326 2081 459 2136 essemus,
474 2062 617 2124 continuo
632 2063 718 2126 miles
739 2064 927 2126 uoluntarius
940 2085 1004 2126 mem
1020 2063 1070 2127 M.
1083 2065 1198 2128 Porcio

133 2148 301 2212 consulein
316 2146 508 2227 Hispaniam
521 2167 584 2210 sum
600 2147 766 2231 prefectus.
810 2148 968 2214 Neminem
989 2151 1121 2213 omnium
1142 2152 1199 2214 im·

129 2242 320 2315 peratorum,
333 2234 388 2316 qui
397 2233 513 2307 vivant,
524 2233 673 2297 acriorem
683 2235 807 2298 virtutis
816 2243 1011 2315 spectatorem
1023 2235 1198 2318 sejudicem

122 2319 227 2404 fuisse
240 2321 349 2394 sciunt,
366 2319 420 2401 qui
430 2327 464 2382 et
486 2319 570 2382 illum
586 2328 616 2382 et
629 2320 707 2384 ulios
721 2321 808 2382 duces
828 2321 921 2404 longa
942 2320 1057 2384 militia
1078 2322 1198 2402 esperti

24 2485 25 2488 Ἴ
133 2415 212 2470 sunt.
235 2407 287 2472 dic
299 2425 346 2468 me
360 2406 527 2488 imperator
540 2405 663 2488 dignum
672 2403 841 2487 judicavit,
856 2407 906 2469 cui
919 2403 1075 2487 1⁵primum
1091 2409 1196 2471 basta·

24 2517 26 2626 ι
134 2500 196 2556 tum
210 2492 329 2575 prioris
348 2491 494 2557 centuria
514 2491 703 2575 adsignare.
751 2491 857 2554 Tertio
877 2493 985 2556 iterum
1006 2493 1197 2558 voluntarium

138 2580 222 2644 miles
232 2578 344 2662 factus
367 2599 430 2642 sum
457 2578 495 2642 in,
512 2597 576 2641 essm
598 2577 767 2653 coercitum,
791 2578 845 2659 qui
865 2579 1008 2642 adamus
1022 2577 1146 2642 AEtolos
1166 2589 1197 2644 et

24 2703 25 2734 2
137 2665 318 2734 Antiochum
340 2685 439 2748 regem
464 2672 509 2727 est
536 2664 657 2733 missine,
681 2661 928 2738 ¹⁶nM'.Acilia
950 2662 1057 2728 1⁷mibi
1076 2665 1197 2746 primus
1268 2675 1273 2692 ‘

131 2752 278 2833 princeps
290 2752 412 2833 prioris
431 2751 577 2813 centuriae
597 2759 642 2816 est
659 2751 849 2834 adsignatus.
892 2752 1032 2832 Enpulso
1045 2771 1114 2835 rege
1128 2751 1196 2816 An·

139 2837 248 2914 tiocia,
258 2837 390 2909 subactis
399 2835 529 2914 AEtolis,
544 2836 698 2919 reportati
709 2857 807 2903 sumus
821 2837 1010 2902 initaliam:
1033 2836 1094 2902 ¹⁸et
1108 2839 1198 2904 dein-1

170 3059 200 3108 it
220 3060 298 3117 Quemn
310 3063 417 3122 primum
433 3063 461 3108 in
476 3066 567 3110 etatem
586 3059 651 3125 veni]
716 3061 746 3108 ld
762 3062 786 3108 A
802 3062 851 3109 Μ’.
865 3059 955 3121 Acilio]
993 3061 1032 3107 sic
1048 3068 1111 3108 recte
1128 3060 1197 3122 Sigo-

137 3127 174 3174 110
187 3139 217 3172 eo
233 3127 374 3187 diciturqui
390 3123 495 3174 idolevit
505 3123 651 3188 juvenisque
683 3127 746 3173 nius.
779 3128 869 3172 Antea
880 3126 920 3170 M.
934 3124 1009 3170 Culta.

24 3207 25 3210 ¹
136 3196 186 3238 ests
205 3191 270 3252 quod
279 3192 438 3249 molescentie
446 3198 471 3238 et
478 3195 591 3252 pubertas
598 3191 650 3250 pri-
717 3189 745 3236 17
761 3189 1196 3251 MilaiprimusPrincepspeiariecen·

24 3257 25 3288 i
136 3269 174 3300 ma
193 3259 250 3301 atat
266 3255 376 3302 videntur
394 3269 456 3313 esse,
467 3255 566 3316 perinde
583 3253 651 3314 quusi
683 3257 796 3302 turioeest
812 3249 954 3316 ossigrmtus]
970 3251 1059 3300 Festus
1075 3266 1130 3301 sum
1141 3267 1197 3300 cen-

24 3309 25 3326 *
136 3319 286 3367 inentibus
301 3319 404 3380 pueritia
421 3333 467 3366 non
485 3319 517 3364 sit
532 3319 649 3364 habende
682 3317 969 3378 turiopsioriscenturioe
986 3317 1106 3377 inprims
1119 3317 1198 3364 mnni-

137 3384 204 3432 Hine
220 3383 249 3429 ab
259 3385 352 3430 ineunte
367 3388 435 3430 atate
449 3390 486 3437 est
501 3396 518 3429 n
533 3381 651 3443 principio
683 3384 740 3444 pulo
751 3383 900 3442 Principum.
933 3381 971 3428 De
979 3381 1017 3426 his
1025 3381 1139 3442 gradibus
1149 3382 1197 3426 iio·

136 3449 309 3505 addiscendis.
330 3448 489 3496 'susumus-
683 3459 764 3494 mnnse
777 3447 872 3494 militie
883 3447 939 3492 vide
950 3446 1029 3492 fusius
1040 3447 1197 3492 disserentem

171 3510 203 3560 13
218 3511 287 3558 Mdn
296 3546 303 3560 .
313 3543 320 3558 .
330 3544 338 3559 .
347 3513 467 3559 &nemum
475 3509 578 3558 ordinem
586 3511 651 3558 Has·
684 3511 796 3572 lipsium
806 3513 822 3558 l.
836 3511 869 3558 11.
883 3511 912 3556 de
924 3511 978 3556 Mil.
991 3509 1063 3556 Rom.
1074 3511 1140 3557 Did.
1150 3509 1175 3556 S.

138 3581 213 3623 tatum
221 3574 362 3638 assignavit]
388 3577 431 3623 Me
438 3573 524 3638 jusssit
535 3589 586 3622 esse
594 3589 650 3622 cen·
717 3575 748 3623 18
763 3576 799 3622 Et
807 3575 910 3635 deinceps
918 3574 960 3628 bis,
969 3587 1020 3634 qua
1027 3569 1117 3636 asinus]
1133 3573 1197 3620 Nui-

137 3641 258 3690 tudonem
267 3642 356 3689 decimi
363 3641 454 3688 ordinis
466 3640 633 3689 Hastetorum.
681 3642 721 3688 lus
732 3641 802 3687 nobis
814 3653 899 3686 sensus
910 3640 1006 3685 videtur
1021 3653 1051 3684 ex
1068 3639 1107 3684 his
1119 3639 1200 3686 verbis

169 3702 337 3768 luporum]
353 3705 419 3766 Lege
435 3706 557 3766 reportati,
569 3710 597 3751 ut
612 3705 650 3750 in·
682 3706 734 3752 erui
749 3719 827 3766 posse,
838 3703 966 3764 dequibus
983 3709 1064 3750 temen
1080 3703 1198 3762 inte'rpm¹

135 3769 327 3830 tremiscipsa
336 3771 450 3817 ondans.
683 3777 720 3816 tes
739 3771 847 3830 plerique
866 3769 992 3814 siluerunt.
1026 3767 1106 3822 Solus,
1122 3780 1198 3828 quem

171 3833 202 3881 lb
218 3833 332 3882 Primum
349 3833 480 3883 Hastutum
494 3835 583 3896 peioris
600 3846 651 3880 ctu-
683 3835 825 3892 videsimus,
842 3829 957 3895 Dujatius
974 3833 1197 3891 interpretationem

136 3895 218 3960 turia]
252 3899 420 3954 fluuiorum,
448 3899 598 3960 Principum,
626 3904 651 3944 et
683 3900 768 3946 etiem
779 3897 1197 3956 conatuumsedparumteiieem.

138 3961 288 4010 'isindorum
303 3977 402 4023 corpora
417 3963 443 4010 in
457 3966 543 4012 decem
555 3963 651 4022 singula
684 3963 816 4009 Existimat
826 3962 891 4008 enim
904 3961 1059 4020 Ligustinum
1070 3961 1160 4014 dicere,
1171 3971 1198 4006 se

138 4027 275 4087 manipulos
286 4028 414 4076 distributo
422 4037 505 4076 erents
523 4027 652 4086 unusquis-
683 4040 727 4088 pro
738 4027 843 4074 sedecim
858 4025 929 4072 endis
939 4024 1045 4078 militie,
1056 4038 1117 4085 quos
1133 4026 1198 4085 leges

138 4104 185 4150 qne
206 4091 349 4150 mnnipdus
368 4092 394 4138 in
412 4089 472 4140 dias
491 4093 595 4145 ordines,
614 4090 652 4137 vel
685 4091 776 4152 expleri
788 4087 910 4156 jubepent,
922 4090 1021 4136 duosne
1036 4089 1137 4149 tdgimtn
1150 4091 1200 4136 im·
1272 4143 1284 4158 ,

139 4155 198 4204 dues
214 4156 345 4208 centurias.
377 4155 444 4204 Dicit
459 4157 535 4217 igitur
545 4154 653 4216 Ligusti·
685 4155 797 4216 plevisse.
829 4154 863 4201 At
878 4154 957 4213 primo
968 4166 1017 4200 non
1030 4155 1145 4208 sedecim,
1156 4156 1199 4202 sed

139 4231 184 4268 nus
194 4232 221 4266 se
231 4219 326 4268 iactum
334 4221 558 4269 oeoeoentunonem
568 4218 653 4280 piiorit
685 4219 772 4280 viginti
787 4231 869 4271 annue
884 4218 1004 4278 stipendis
1019 4231 1112 4266 merere
1127 4221 1200 4266 debs-

139 4283 254 4332 eentusite
270 4283 298 4330 in
313 4283 393 4344 ptimo
405 4285 564 4334 Hutstoeum
575 4283 653 4331 meni·
685 4286 743 4330 bant
755 4282 861 4332 Romani
876 4283 985 4343 peditent
1003 4296 1051 4343 que
1066 4284 1096 4330 de
1110 4283 1199 4332 ne'vid.

140 4345 206 4405 pulo.
634 4388 638 4396 .
686 4348 781 4410 Lipsl.
799 4346 819 4396 1.
835 4349 866 4396 de
883 4347 1130 4398 stipendiati
1153 4349 1210 4394 De·-
