3042 4980
488 163 840 261 ramrn'rm.
1183 185 1209 260 ri

113 377 287 478 supplere
304 391 539 470 conaturam,
556 388 686 482 quoad,
705 383 837 483 inquit,
850 409 920 485 per
935 387 1102 486 urgentis
1117 389 1208 460 ossi-

109 498 178 571 dnc
201 495 409 597 bibliopola
422 497 712 598 festinationem,
739 527 902 600 measqnc
926 501 1152 576 inevitabiles
1174 515 1212 578 ct

103 609 274 711 publicas
289 617 542 713 occupationes
558 616 693 692 licebit.
734 617 767 692 F
769 617 868 693 utilis
885 627 923 690 et
940 616 1093 691 minime
1111 616 1210 692 acci-

109 726 251 824 pienda
268 729 479 806 excusatio.
516 729 577 806 Ea
587 732 697 807 nobis
715 733 936 808 adhibenda
952 743 1011 808 est
1029 734 1210 808 adversus

107 842 326 920 litterariam
343 845 616 944 rempublicam
631 849 850 940 reverentia,
869 858 910 923 ut
926 871 996 923 nos
1021 849 1055 924 ei
1081 850 1210 926 deme·
1230 911 1234 918 .

107 959 239 1034 rendae
260 985 402 1036 vacuos
426 953 677 1060 praebeamus:
705 975 743 1039 et
765 965 924 1064 quidem
949 965 988 1038 in
1014 990 1128 1065 opere
1157 967 1209 1040 ad

107 1074 413 1175 qualemcunque
440 1078 669 1176 posteritatis
692 1075 895 1155 utilitatem
912 1093 1135 1178 comparato
1153 1083 1208 1156 ia·

107 1191 188 1267 cilis
205 1203 265 1266 est
284 1193 430 1292 aliquot
447 1196 642 1283 mensium,
660 1195 736 1270 imo
753 1205 792 1270 et
811 1219 1007 1287 annorum,
1020 1196 1183 1290 jactura.

156 1309 199 1385 Si
224 1309 281 1384 ita
305 1310 487 1402 sensisset
512 1311 706 1408 Dujatius,
725 1311 913 1388 limatiora
938 1311 1208 1410 proculdubio
1311 1405 1314 1416 Ι

107 1424 376 1524 supplementa
391 1426 456 1501 illa
473 1427 712 1525 prodiissent,
732 1439 771 1503 et
787 1428 962 1526 digniora
973 1433 1057 1526 quae
1070 1427 1110 1502 in
1125 1452 1208 1503 cor·

107 1567 177 1640 pus
194 1540 347 1617 Liviani
364 1540 486 1640 operis
503 1542 617 1619 veluti
636 1544 902 1620 coalescerent.
940 1543 1055 1618 Nunc
1072 1555 1210 1642 prater

107 1657 279 1732 vitiosam
305 1657 523 1748 orationem,
542 1671 580 1734 et
604 1673 791 1758 corruptae
817 1659 1032 1735 Latinitatis
1057 1683 1207 1760 sparsas

106 1773 301 1849 hincinde
318 1773 498 1863 maculas,
517 1799 653 1874 magna
671 1776 771 1850 circa
793 1801 852 1854 res
878 1775 994 1874 ipsas·
1008 1775 1208 1873 indiligen-

105 1889 156 1963 tia
174 1889 499 1988 deprehenditur:
525 1891 702 1991 quaedam
728 1891 880 1980 omissa,
899 1916 984 1990 quae
1009 1889 1122 1965 inseri
1139 1914 1208 1990 par

107 2005 251 2095 fuerat3
277 2005 453 2116 quadam
479 2007 670 2096 arcessita,
692 2033 776 2107 quae
804 2008 927 2084 aliena
954 2019 1072 2095 erant,
1091 2017 1129 2082 et
1156 2032 1206 2090 ex

106 2119 353 2220 sequentibus
371 2133 596 2220 praepostere
615 2125 795 2222 repetita3
824 2147 870 2198 ea
894 2125 976 2224 ipsa
1000 2149 1085 2223 quae
1112 2135 1206 2199 tem-

108 2235 208 2332 poris
227 2261 273 2312 ac
292 2235 366 2311 loci
385 2249 501 2327 erant,
521 2238 710 2314 incuriose
726 2249 899 2326 tractata,
917 2249 957 2314 et
974 2263 1022 2312 ex
1040 2238 1206 2312 scriben·

106 2351 156 2426 tis
181 2350 332 2448 ingenio
358 2367 550 2443 exornata,
571 2354 812 2454 amplificata,
829 2353 1076 2452 interpolata:
1106 2354 1205 2428 adeo

106 2476 283 2565 utquam
306 2468 426 2566 primo
451 2471 711 2548 statuissemus
738 2469 1012 2570 supplementa,
1028 2469 1155 2568 qualia
1181 2495 1205 2546 a

105 2581 266 2679 Dujatio
286 2585 516 2661 concinnata
532 2589 691 2677 fuerant,
710 2587 748 2662 in
766 2612 866 2663 nova
879 2588 949 2662 hac
963 2585 1131 2662 editione
1148 2586 1205 2662 in·

104 2709 208 2774 tacta
235 2713 516 2796 representare,
545 2703 728 2803 appositis
754 2712 901 2778 tantum
927 2703 1038 2790 notis,
1065 2702 1203 2801 quibus

105 2815 397 2892 emendaremus
423 2843 468 2892 ea
495 2844 579 2918 quae
610 2820 730 2894 minus
765 2830 941 2896 accurata
973 2818 1200 2906 viderentur,

103 2929 213 3006 nobis
240 2955 401 3006 necesse
427 2933 537 3008 fuerit
562 2933 744 3010 desistere
770 2937 819 3011 ab
844 2936 1007 3034 incepto,
1026 2957 1202 3033 novaque

104 3047 367 3146 supplementa
384 3061 515 3125 nostro
532 3049 660 3125 Marte
675 3051 852 3141 condere,
866 3049 1055 3151 inquibus
1074 3061 1203 3126 tamen

103 3162 267 3260 plurima
281 3189 330 3238 cx
348 3189 395 3238 eo
412 3165 573 3242 mutuari
592 3165 745 3242 minime
762 3166 933 3264 religioni
950 3166 1141 3243 duximus.

151 3279 297 3367 Unum,
318 3291 359 3356 at
370 3281 453 3377 jam
471 3281 649 3372 diximus,
669 3283 950 3359 consultissime
965 3283 1054 3358 fecit
1075 3283 1285 3380 Duja-ana.
1297 3303 1347 3357 rr.

102 3395 186 3485 tius,
222 3399 331 3496 quod
364 3399 628 3498 supplementa
659 3400 965 3476 Freinshemiana
998 3397 1109 3476 Livia
1143 3373 1366 3486 itt-i'ffinn

102 3513 248 3590 texuit:
287 3514 478 3612 egregium
507 3541 617 3615 opus,
647 3527 686 3591 et
715 3518 817 3592 haud
845 3518 925 3592 scio
952 3541 1002 3590 an
1029 3503 1366 3616 omniumf1⁸¹¹⁸⁸⁸⁸'

100 3655 183 3728 quae
201 3629 241 3704 in
258 3632 417 3728 gratiam
435 3634 690 3708 studiosorum
710 3633 893 3708 Romana
910 3632 1074 3712 historiae
1100 3635 1201 3706 sacta
1235 3703 1239 3712 .

102 3757 202 3842 sunt,
218 3745 485 3836 utilissimum
512 3747 656 3849 dequo
674 3749 744 3825 etsi
762 3749 876 3847 paulo
896 3748 1103 3843 jactantius
1126 3749 1200 3821 lor·

102 3873 212 3952 tasse,
241 3886 319 3938 non
349 3861 533 3939 immerito
559 3875 686 3942 tamen
708 3875 844 3940 auctor
868 3864 948 3963 ipse
972 3864 1024 3938 ita
1050 3862 1201 3962 gloriari

103 4003 213 4055 ausus
231 3989 303 4066 est,
322 3989 366 4058 ut
383 3980 590 4078 sponsione
606 3983 892 4080 quodammodo
919 3981 1128 4079 quemlibet
1152 3995 1202 4058 ex

102 4097 331 4173 eruditorum
346 4121 503 4173 numero
518 4098 728 4186 lacesseret,
742 4096 986 4196 professus'se
996 4100 1240 4195 nentiqncmrn
1251 4120 1346 4168 mansa
1389 4195 1392 4202 Ι

102 4232 260 4305 netum,
278 4201 333 4292 nc
343 4213 427 4312 qnia
443 4239 489 4290 en
506 4216 563 4291 leis
574 4217 736 4292 omnibns
745 4216 984 4318 sudatoribus
992 4217 1055 4316 qni
1066 4227 1152 4289 snnt
1165 4187 1330 4297 inignifm*

620 4339 686 4405 1³2
