3120 4984
339 181 376 235 sa
735 159 1022 236 r'1r1n1v11

178 347 315 399 tamam
341 353 435 428 tergo
457 338 682 405 Macedoniam
707 354 802 425 atque
818 339 1030 428 Magnesiam.
1077 340 1128 404 Ad
1152 339 1209 404 has
1231 336 1424 424 opportuni-

176 413 207 460 Α*
220 415 315 465 ⁰·¹⁷¹·
342 441 422 492 tates
443 427 566 491 accedit
596 449 721 493 summa
742 426 911 492 salubritas
932 445 964 491 et
986 429 1089 513 copia,
1117 427 1263 513 pluribus
1285 426 1424 491 circum·

338 514 431 600 jectis
448 512 601 591 fontibus,
618 514 806 599 perennium
823 536 993 599 aquarum.
1407 545 1410 552 ·

180 604 328 684 masere
389 599 463 665 LV.
488 599 612 665 Consul
636 601 810 677 Romanus,
827 623 884 686 per
899 600 1026 665 eosdem
1050 599 1118 666 dies
1133 597 1330 664 Thessaliam
1347 619 1422 663 cum

182 682 239 729 ⁸⁶¹³
253 673 327 718 '‘ld'‘
346 687 487 752 exercitu
503 701 623 772 petens,
643 687 704 752 iter
718 685 901 772 expeditum
924 688 1031 773 primo
1054 709 1112 770 per
1134 685 1270 771 Epirum
1293 683 1425 750 habuit:

348 774 475 850 deinde,
490 789 661 861 postquam
677 777 710 838 in
726 773 950 839 Athamaniam
966 787 1014 840 est
1028 787 1252 860 transgressus,
1269 772 1370 857 asperi
1386 794 1426 835 ac

348 883 452 948 prope
472 861 549 925 invii
575 860 644 939 soli,
668 882 745 925 cumv
767 861 891 948 ingenti
918 860 1103 926 difficultate
1125 860 1230 945 parvis
1256 859 1426 923 itineribus

349 970 436 1036 aegre
458 947 629 1033 Gomphos
648 947 810 1032 pervenit:
845 948 896 1013 cui
920 949 958 1024 si,
980 948 1099 1012 vexatis
1120 945 1304 1010 hominibus
1318 946 1425 1032 equis-

347 1057 420 1120 que,
441 1036 579 1100 tironem
593 1035 769 1099 exereitum
786 1033 914 1099 ducenti
929 1035 998 1099 acie
1015 1035 1171 1100 instructa
1185 1047 1217 1098 et
1231 1032 1303 1099 loco
1318 1055 1377 1120 suo
1390 1046 1426 1096 et

347 1135 490 1206 tempore
506 1121 676 1186 obstitisset
690 1144 757 1199 rex,
772 1144 813 1186 ne
831 1121 968 1186 Romani
985 1122 1112 1206 quidem
1129 1120 1287 1198 abnuunt,
1305 1141 1358 1184 ma
1382 1141 1427 1184 na

347 1231 405 1273 sua
437 1231 511 1283 cum
544 1209 637 1273 clade
664 1208 762 1272 fuisse
789 1221 1000 1292 pugnaturos.
1047 1209 1221 1293 Postquam
1252 1141 1426 1291 Gomphos

347 1297 417 1360 sine
430 1297 606 1360 certamine
621 1308 749 1360 ventum
766 1307 822 1372 eet,
839 1309 956 1379 praeter
969 1295 1123 1383 gaudium
1140 1293 1308 1379 periculosi
1324 1292 1426 1359 saltus

345 1383 497 1467 superati,
512 1389 692 1448 contemtus
713 1403 840 1469 quoque
854 1380 1005 1462 hostium,
1020 1382 1102 1446 adeo
1123 1380 1343 1468 ignorantium
1364 1402 1426 1465 op-

345 1469 559 1553 portunitates
582 1490 667 1547 suae
684 1473 826 1534 accessit.
874 1468 1038 1536 Sacrificio
1052 1469 1113 1534 rite
1126 1467 1277 1552 perfecto,
1300 1467 1427 1547 consul,

346 1572 379 1619 et
392 1553 557 1620 frumento
578 1555 655 1620 dato
676 1555 839 1633 militibus,
855 1577 974 1641 paucos
989 1556 1027 1620 ad
1043 1556 1184 1642 requiem
1203 1557 1425 1643 jumentorum

346 1640 577 1729 hominumque
591 1657 733 1708 moratus
747 1642 824 1720 dies,
842 1665 940 1728 quum
960 1641 1085 1707 audiret
1099 1645 1209 1730 vagari
1226 1640 1426 1706 Macedonas

336 1726 461 1792 effusos
477 1751 533 1814 per
548 1729 756 1808 Thessaliam,
773 1731 951 1815 vastarique
966 1730 1123 1794 sociorum
1139 1751 1244 1817 agros,
1261 1729 1334 1792 satis
1351 1729 1425 1814 jam

346 1813 498 1880 refectum
513 1816 646 1880 militem
670 1817 710 1880 sd
729 1816 888 1880 Larissam
903 1815 1002 1881 ducit.
1049 1816 1141 1893 Inde,
1158 1837 1257 1903 quum
1273 1815 1336 1880 tria
1351 1815 1426 1879 mil-

345 1899 390 1966 lia
403 1900 501 1967 ferme
523 1904 646 1968 abesset
668 1927 688 1967 a
703 1901 841 1989 Tripoli,
859 1905 985 1987 (Sceam
1008 1905 1137 1985 vocent)
1159 1925 1255 1988 super
1278 1902 1425 1982 Peneum

178 2008 299 2057 Eumeni·
346 2010 473 2053 amnem
489 1991 595 2075 posuit
613 2004 722 2055 castra.
771 1991 834 2055 Per
848 1991 933 2054 idem
949 2005 1076 2076 tempus
1092 1989 1252 2055 Eumenes
1266 1989 1309 2053 ad
1324 1987 1426 2054 Chal·

180 2076 309 2122 adventus.
347 2075 450 2140 cidem
473 2077 607 2142 navibus
629 2075 760 2141 accessit
782 2099 854 2141 curn
879 2077 991 2143 Attalo
1016 2089 1112 2164 atque
1134 2075 1291 2142 Athenaeo
1316 2075 1425 2141 fratri-

345 2161 417 2240 bus,
451 2162 624 2228 Philetaero
645 2163 743 2228 fratre
772 2163 885 2229 relicto
916 2164 1063 2251 Pergami
1089 2164 1130 2229 ad
1156 2163 1289 2228 tutelam
1319 2163 1424 2249 regni.

345 2249 421 2313 inde
447 2272 520 2315 cum
544 2251 655 2316 Attalo
677 2265 708 2314 et
730 2263 868 2336 quatuor
893 2251 1032 2315 millibus
1054 2251 1210 2336 peditum,
1232 2249 1319 2314 mille
1333 2251 1425 2336 equi-

345 2351 424 2414 tum,
441 2338 483 2402 ad
505 2336 668 2403 consulem
685 2339 779 2404 veuit.
826 2337 979 2403 Chalcide
1002 2337 1114 2402 relicta
1127 2337 1194 2402 duo
1219 2336 1317 2401 millia
1330 2337 1425 2423 pedi-

182 2436 319 2513 smeuxi-
347 2435 428 2504 tum,
445 2425 560 2512 quibus
575 2424 748 2489 Athenaeus
772 2426 972 2510 praepositus.
1018 2424 1063 2489 Et
1084 2425 1146 2488 alia
1167 2425 1279 2489 eodem
1303 2423 1427 2490 auxilia

179 2501 221 2552 ¹¹⁸·
348 2511 504 2577 Romanis
520 2535 559 2576 ex
574 2511 723 2576 omnibns
738 2512 880 2599 undique
892 2510 1030 2576 Graeciae
1045 2511 1173 2597 populis
1193 2515 1424 2591 convenerunt,

346 2618 483 2684 quorum
499 2597 652 2684 pleraque
667 2597 761 2680 (adeo
780 2620 880 2683 parva
894 2600 998 2680 erant)
1013 2599 1047 2662 in
1062 2598 1254 2664 oblivionem
1271 2598 1427 2666 adducta.

347 2690 376 2748 A
403 2684 564 2749 olloniatae
594 2698 751 2749 trecentos
780 2685 910 2770 equites,
942 2698 1069 2750 centum
1105 2685 1226 2770 pedites
1254 2685 1424 2752 miseruut.

394 2770 532 2835 tolorum
546 2770 638 2835 ⁸⁶³1ae
654 2771 747 2835 unius
768 2770 879 2849 instar,
895 2785 1051 2859 quantum
1070 2773 1103 2836 in
1125 2785 1192 2838 tota
1213 2787 1309 2874 gente
1329 2774 1424 2858 equi-

346 2869 416 2922 tum
431 2869 510 2936 erat,
527 2869 696 2922 venerant:
719 2872 751 2924 et
765 2858 792 2902 ⁸⁷
798 2857 1027 2924 Thessalorum
1042 2860 1146 2924 omnis
1155 2871 1316 2945 equitatus
1330 2881 1425 2944 sepa·

347 2958 435 3008 ratus
450 2957 527 3010 erat.
553 2966 619 3008 non
642 2944 715 3028 plns
736 2967 832 3033 quam
849 2946 982 3011 trecenti
1004 2959 1095 3030 erant
1116 2947 1238 3034 equites
1260 2947 1293 3010 in
1308 2949 1424 3013 castris

349 3029 515 3097 Romanis.
562 3030 675 3096 Achaei
684 3032 861 3118 juventutis
876 3055 952 3110 suae,
969 3032 1098 3098 Cretico
1120 3034 1262 3098 maxime
1283 3049 1421 3114 armatu,

348 3116 390 3181 sd
406 3117 492 3184 mille
506 3117 674 3185 dederunt.

180 3219 310 3296 tuentius
391 3203 484 3271 LVI.
508 3205 577 3296 Sub
604 3206 689 3271 idem
719 3219 844 3293 tempus
872 3220 904 3273 et
934 3209 973 3274 C.
1002 3209 1168 3276 Lucretius
1204 3221 1334 3296 praetor,
1365 3211 1425 3297 qui

180 3283 479 3392 gemssernav‘ibus
499 3308 638 3377 praeerat
653 3291 694 3357 ad
711 3293 963 3379 Cephalleniam,
986 3297 1036 3361 M.
1052 3296 1206 3362 Lucretio
1226 3296 1324 3361 fratre
1344 3319 1423 3362 cum

201 3362 222 3395 ι
345 3378 445 3445 classe
467 3377 595 3465 88super
619 3378 758 3445 Maleam
783 3381 969 3447 Chalcidem
987 3384 1078 3470 jusso
1098 3398 1216 3470 petere,
1239 3385 1308 3467 ipse
1328 3384 1425 3450 trire-

343 3488 427 3532 mem
444 3465 639 3545 conscendit,
656 3468 760 3534 sinum
782 3461 985 3550 Corinthium
1001 3483 1111 3571 petens
1133 3471 1174 3536 ad
1190 3492 1422 3557 praeoccupan-

343 3555 399 3619 das
419 3553 455 3618 in
471 3551 599 3620 Boeotia
612 3575 673 3620 res.
695 3553 818 3619 tardior
831 3555 861 3620 ei
874 3556 1037 3641 narigatro
1050 3571 1184 3642 propter
1203 3557 1423 3624 infirmitatem

342 3640 486 3726 corporis
500 3638 570 3716 fuit.
616 3638 666 3704 Μ.
683 3639 864 3724 Lucretius,
881 3641 1068 3709 Chalcidem
1083 3645 1266 3722 adveniens,
1282 3667 1384 3732 quum
1401 3669 1422 3713 a

345 3727 383 3793 P.
401 3726 541 3792 Lentulo
558 3725 741 3794 Haliartum
756 3728 937 3818 obpugneri
952 3730 1103 3810 audisset,
1120 3733 1284 3811 nuncium,
1301 3744 1422 3816 praeto·

342 3815 386 3879 ris
409 3812 524 3892 verbis,
540 3814 595 3900 qui
617 3813 786 3879 abscedere
808 3839 881 3884 eum
895 3817 972 3884 inde
988 3818 1127 3905 juberet,
1145 3819 1242 3885 misit.
1286 3819 1424 3886 Boeoto-

375 3967 408 4015 86
416 3966 483 4015 'Ala
494 3969 663 4034 untaedmtar]
687 3970 727 4018 Ex
744 3973 769 4018 vi
779 3976 865 4022 verbo·
898 3989 998 4037 rumpe,
1010 3991 1088 4038 quum
1099 3978 1125 4025 ia
1134 3975 1263 4026 Thessalia
1272 3976 1366 4024 bellum
1377 3987 1421 4038 ge·

342 4047 409 4088 rum,
420 4034 503 4094 imago
516 4047 546 4081 se
562 4035 654 4095 species
670 4037 744 4084 unius
754 4039 815 4085 eles
837 4040 864 4086 id
895 4048 1001 4101 seretur,
1013 4055 1160 4103 peromnem
1171 4043 1297 4104 regionem
1303 4041 1423 4088 distribu-

342 4104 389 4152 est,
401 4111 452 4144 una
467 4101 645 4159 propemodum
655 4103 702 4148 ala.
735 4103 783 4150 Ala
795 4106 863 4164 apud
895 4113 966 4154 erant
976 4121 1038 4166 sese,
1048 4114 1077 4154 ut
1088 4109 1168 4156 varies
1179 4105 1232 4171 ejus
1242 4113 1324 4168 partes
1332 4107 1422 4154 adrer-

342 4163 468 4208 Romanos
483 4169 648 4212 trecentorum
660 4165 737 4214 teram
753 4169 865 4228 equiturn
879 4202 884 4215 .
897 4183 940 4218 sus
950 4179 1096 4232 presentem
1108 4174 1203 4220 hostem
1216 4177 1353 4220 tuerentur.
1537 4203 1538 4233 3

343 4233 406 4272 esst.
572 4259 574 4268 ι
930 4235 1061 4299 Be'Supcr
1071 4234 1190 4301 Maleam]
1212 4236 1422 4298 supersedebit·

376 4289 408 4338 87
429 4289 591 4340 Thessalorum
607 4297 682 4343 onmis
695 4298 816 4358 multatus
830 4313 864 4346 re·
898 4301 962 4349 leam
974 4303 1178 4363 promontorium.
1536 4313 1537 4317 ’

339 4358 441 4418 paratus
451 4357 515 4420 mat]
537 4358 593 4405 Huc
604 4360 663 4407 illuc
674 4373 788 4422 sparsus:
807 4364 865 4424 quia
