3042 4980
288 163 418 242 lxxviii
660 159 1007 276 PRAE-FATIO.

287 361 436 439 sinente
449 359 578 437 seculo
599 363 671 437 14⁶.
690 361 868 461 scriptus,-
884 360 916 438 si
934 361 986 436 dc
1002 360 1208 459 iuganio‘et
1224 361 1303 436 fide
1317 385 1385 436 ex-

267 477 481 576 scriptoris
499 489 701 565 constaret,
721 478 849 577 aliquo
868 489 1000 576 posset
1015 478 1056 552 iu
1071 502 1227 553 numero
1241 477 1388 554 haberi.

288 595 380 691 lpse
398 592 497 668 euim
516 602 679 668 testatur
693 617 776 668 sese
794 595 844 669 ad
861 593 1187 671 transcribendum
1214 591 1391 690 complu-

286 708 389 783 ribus
415 708 689 808 exemplaribus
715 733 825 784 usum
850 734 955 785 esse:
980 735 1061 786 cvm
1087 697 1227 810 quood,
1246 706 1387 807 iuquit,

167 925 169 930 ,
263 816 323 902 ¹et
347 827 532 928 ingeniolo
550 851 669 927 poroo
694 827 887 902 admodum
911 827 1082 905 nonnihil
1102 829 1155 901 od
1174 828 1390 926 tergendum

162 1011 166 1018 .
286 944 407 1021 sordes
435 945 658 1018 omnimodos
689 943 872 1020 fraudavi.
934 941 1142 1018 Mallemus
1171 967 1259 1018 eum
1293 965 1388 1016 sane

287 1057 419 1136 omnia
438 1057 728 1157 exemplaribus,
745 1058 837 1134 nihil
860 1057 1011 1155 ingenio
1034 1058 1266 1134 credidisses
1304 1056 1389 1132 Ds-

287 1199 372 1250 mus
390 1173 446 1249 illi
462 1174 572 1262 libro,
592 1185 634 1251 ut
649 1174 804 1274 aliquod
825 1176 981 1274 pondus
1007 1175 1130 1250 addat
1155 1172 1302 1263 ceteris,
1323 1171 1388 1247 ubi

287 1292 332 1368 iis
358 1290 581 1366 assentitur:
609 1313 740 1388 perse
764 1290 843 1389 ipsc
868 1314 999 1390 parum
1027 1290 1248 1368 auctoritate
1273 1287 1393 1368 valet.

165 1447 166 1452 ¹
288 1408 455 1484 Primam
474 1406 658 1482 decadem
677 1405 860 1504 integram
871 1406 1038 1483 exhibet.

339 1521 494 1598 Libmm
509 1521 771 1596 Puteanorum
784 1522 951 1616 fratrum,
964 1549 1034 1620 quo
1043 1521 1142 1596 nibil
1151 1525 1195 1597 do
1210 1519 1259 1596 T.
1271 1520 1390 1598 Livio

146 1677 179 1742 ιω
190 1675 223 1710 .ι
288 1665 353 1717 nec
368 1640 568 1738 antiquius,
588 1637 790 1713 Grouorio
812 1638 955 1734 judice,
972 1663 1037 1714 aee
1051 1640 1213 1714 sanctim
1230 1637 1390 1738 Europa

158 1744 184 1777 '⁸
288 1755 459 1842 custodit,
478 1751 547 1829 etsi
563 1777 650 1829 eum
661 1752 857 1851 diligenter
870 1764 1092 1844 versaverat,
1104 1763 1143 1829 et
1158 1754 1240 1849 ejus
1257 1752 1389 1852 apicas

289 1893 424 1946 omnes
441 1867 616 1966 religiose
633 1877 854 1967 persecutus
866 1868 1065 1946 videbatur
1077 1867 1133 1944 vir
1146 1891 1329 1956 summus,
1343 1879 1390 1944 ut
1508 1939 1509 1942 ,

288 1984 458 2062 immissa
469 1986 550 2083 jam
569 1984 726 2061 velutin
751 1986 918 2084 opimam
937 2009 1099 2062 messem
1119 1985 1229 2074 falce,
1247 1983 1389 2060 collec-
1508 1999 1509 2014 ¹

290 2100 415 2200 lisque
439 2099 657 2198 manipulis,
675 2100 738 2176 vix
764 2102 946 2201 pauculas
972 2101 1107 2178 aristas
1133 2100 1395 2180 consectandi,
1508 2095 1509 2166 ζ

289 2217 401 2295 uobis
418 2243 507 2316 spes
523 2230 632 2306 esset,
646 2228 774 2292 tamen
786 2218 837 2294 ob
854 2218 1007 2294 unicam
1025 2218 1227 2294 venerandi
1241 2215 1391 2293 codicis
1508 2250 1509 2318 ι

181 2416 183 2422 ,
289 2334 545 2434 prestantiam
564 2359 705 2432 magna
725 2353 821 2411 'cura
845 2334 1083 2434 perlegimus.
1137 2332 1224 2410 Nec
1246 2332 1389 2409 laboris
1508 2379 1509 2416 r

140 2510 145 2520 ι
255 2449 474 2550 paenituit,
495 2463 573 2524 tum
590 2449 682 2548 quia
697 2450 883 2526 nonnulla
903 2475 988 2549 quae
1014 2449 1263 2538 Gronovium,
1281 2459 1325 2524 ut
1348 2449 1391 2527 in
1508 2485 1509 2526 1

261 2645 266 2654 ,
289 2575 399 2658 tanta
414 2589 538 2640 rerum
555 2563 807 2655 multitudine,
824 2566 1041 2654 fefellerant,
1059 2591 1139 2642 non
1157 2565 1306 2641 inutilia
1321 2567 1391 2642 de-
1508 2613 1509 2618 =

143 2735 146 2740 -
290 2680 580 2781 prehendimus3
606 2689 689 2755 tum
714 2680 805 2779 quia
820 2681 1025 2758 didicimus
1043 2680 1290 2781 experiundo,
1308 2705 1391 2756 non

291 2821 377 2874 esse
401 2795 549 2883 librum,
576 2797 682 2896 quod
708 2797 798 2873 fecit
822 2797 1051 2887 Gronovius,
1080 2800 1129 2874 ad
1158 2798 1393 2897 superstitio-
1508 2787 1509 2800 ἶ

291 2935 379 2986 nem
396 2910 614 3004 colendum,
630 2909 697 3008 qui
719 2910 759 2986 iu
784 2912 923 2989 eximia
948 2914 1116 2990 bonitate
1140 2914 1306 3012 insignes
1332 2923 1391 2991 ta-
1508 2901 1509 2970 Ϊ

193 3119 201 3130 Ι
291 3049 378 3098 mcn
396 3050 523 3102 naevos
540 3025 733 3125 inspersos
750 3029 876 3107 habet.
919 3029 1082 3113 Quodsi
1098 3029 1391 3106 satisattendis-

291 3151 348 3223 set
368 3140 538 3238 egregius
563 3142 628 3217 ille
654 3141 750 3219 Livii
776 3144 958 3244 interpres
983 3159 1022 3220 et
1047 3170 1143 3244 pene
1169 3145 1389 3246 sospitator,

265 3287 270 3296 ¹
290 3281 370 3331 non
386 3256 613 3355 quibusdam
632 3259 726 3336 locis
744 3261 879 3337 falsam
905 3261 1033 3336 mendi
1058 3261 1314 3359 suspicionem
1334 3265 1391 3337 af·
1508 3271 1509 3326 ἶ

291 3371 475 3461 finxisset,
494 3399 566 3451 nec
585 3375 697 3450 etiam
715 3376 928 3466 salebrosas
945 3375 1136 3451 interdum
1154 3388 1192 3454 et
1207 3377 1391 3478 abruptas
1508 3371 1509 3406 ³

276 3489 473 3588 loquendi
490 3493 627 3588 figuras
652 3517 720 3591 pro
738 3491 906 3568 Livianis
925 3492 1160 3585 obtrusisset,
1179 3503 1219 3568 et
1239 3493 1389 3570 in'con-
1508 3515 1509 3596 j

289 3615 433 3680 textum
451 3605 681 3685 immisisset.
719 3606 828 3696 Haec,
847 3635 934 3706 quae
951 3610 1113 3706 probare
1129 3635 1209 3687 non
1225 3635 1391 3710 praesen-

289 3721 336 3796 tis
354 3722 537 3821 temporis
554 3748 624 3798 nec
641 3724 715 3798 loci
734 3733 804 3811 est,
819 3723 971 3798 idoneis
989 3727 1218 3823 argumentis
1234 3727 1392 3804 demon·
1508 3743 1509 3752 ’

288 3846 418 3925 strata,
436 3838 475 3912 ni
494 3837 669 3925 fallimur,
682 3837 858 3927 inveniet,
869 3839 934 3938 qui
952 3853 1063 3918 notas
1079 3854 1229 3919 nostras
1247 3845 1299 3919 ad
1315 3855 1389 3922 ter-

288 3951 381 4026 tiam
398 3951 588 4027 decadem
607 3953 860 4052 perpenderit.

338 4069 533 4144 Debemus
561 4091 716 4166 quoque
744 4070 1101 4150 humanissimorum
1129 4075 1296 4150 virorum
1323 4074 1391 4176 qui
1508 4069 1509 4116 l

288 4184 527 4262 bibliothecis
545 4183 765 4262 Sorbonicae
783 4198 821 4262 et
836 4187 1042 4266 Victorinus
1067 4199 1236 4288 praesunt
1260 4191 1391 4294 benig·
1508 4235 1509 4310 ι
