3116 4986
346 147 407 214 256
747 149 1001 214 EPITOMAE

344 315 387 380 L.
401 315 553 392 Catilina,
569 314 615 380 bis
628 315 779 399 repulsam
795 318 829 379 in
847 315 998 399 petitione
1017 313 1188 380 conwlotus
1202 333 1324 397 possess,
1338 333 1406 380 esem

341 401 478 466 Iaentsslo
493 410 640 483 pretore,
658 411 688 465 et
704 403 844 486 Cethego,
864 410 895 467 et
910 399 1053 484 pluribus
1071 400 1157 480 aliis,
1174 399 1347 484 conjuravit
1365 401 1407 466 de

344 488 426 552 cade
449 489 600 553 sommium
629 496 658 552 et
685 497 817 562 serratus,
844 487 996 550 inccrsdiis
1018 485 1117 562 urbis,
1147 494 1178 550 et
1203 485 1406 569 obprimenda

343 571 499 656 republica
504 607 517 645 ,-
540 575 673 638 enercitu
687 595 801 658 quoque
815 575 848 637 in
860 574 994 646 Etruria
1005 580 1191 655 cmnparato.
1234 575 1288 638 Ea
1301 569 1408 655 eonju-

342 661 427 722 ratio
442 660 597 726 irsdustria
612 657 662 724 M.
678 659 778 724 'Ihllii
791 659 946 724 Ciceronis
965 667 1053 723 enda
1067 667 1122 723 est.
1168 658 1308 723 Catilina
1329 657 1405 724 orbe

338 745 440 830 pulso,
455 745 493 810 de
506 745 635 830 reliquis
647 744 815 831 conjuratis
828 745 1008 832 supplicium
1022 751 1148 809 sumtum
1162 752 1217 809 est.

815 935 930 1018 0111.

389 1076 528 1142 Catilina
543 1099 564 1142 a
581 1077 764 1144 GAntonio
785 1080 964 1162 proconsule
987 1098 1051 1141 mem
1075 1078 1210 1144 exercitu
1231 1098 1323 1143 casses
1345 1088 1404 1148 est.

342 1163 385 1228 P.
396 1164 521 1228 Clodius
534 1175 699 1242 crassatus,
714 1163 826 1249 ⁶¹quod
847 1167 881 1228 in
895 1163 1003 1228 babitu
1023 1163 1163 1228 muliebri
1176 1165 1210 1227 in
1220 1166 1404 1242 sacrarium,

342 1251 378 1312 in
392 1251 473 1333 quod
485 1252 582 1314 vinem
597 1253 718 1316 intrare
731 1252 818 1334 nefas
832 1261 886 1331 est,
901 1253 1055 1324 intrasset,
1068 1259 1098 1314 et
1111 1271 1233 1314 uxorem
1246 1248 1409 1316 ⁶⁵masrirsss'

335 1337 495 1418 pontificis
521 1346 698 1420 stuprasset,
727 1337 880 1402 absolutus
908 1345 961 1401 est.
1005 1335 1075 1410 ⁶90.
1092 1335 1260 1400 Pontinius
1282 1346 1407 1420 prator

343 1419 537 1507 Allobrogas,
553 1425 607 1506 qui
619 1423 850 1500 rebellauerant,
863 1425 907 1487 ad
916 1424 1051 1488 solonem
1063 1423 1188 1486 domuit.
1222 1423 1263 1486 P.
1277 1421 1407 1488 Clodius

303 1561 306 1566 .
342 1509 387 1570 ad
390 1508 508 1590 plebem
517 1509 652 1572 transiit.
696 1510 731 1573 C.
744 1510 849 1574 Casae
859 1509 1024 1574 Lusitanos
1035 1507 1172 1592 subegit:
1194 1529 1406 1592 eoqueconsu-

341 1595 423 1657 latus
433 1595 610 1672 candidato,
623 1604 653 1658 et
666 1604 810 1678 captante
819 1595 1033 1678 rempublicam
1046 1595 1200 1670 invadere,
1213 1595 1406 1676 conspiratio

341 1680 425 1743 inter
446 1689 508 1746 tres
524 1682 685 1763 principes
708 1682 844 1746 ciuitatis
860 1683 957 1766 facta
985 1689 1039 1756 est,
1064 1681 1121 1746 Cn.
1136 1681 1326 1762 Pompeium,
1350 1681 1404 1745 M.

343 1765 495 1844 Crassum,
523 1768 560 1833 C.
586 1761 746 1833 Casuram.
790 1770 889 1852 Leges
916 1768 1055 1852 agraria
1083 1789 1104 1828 a
1136 1766 1257 1830 Cessare
1284 1769 1407 1832 sonate

340 1873 405 1916 cum
431 1873 544 1936 magna
567 1855 769 1933 contentione,
792 1855 891 1918 invito
913 1861 1032 1932 senatu,
1047 1861 1077 1916 et
1097 1853 1197 1916 altero
1218 1853 1337 1916 corsusle
1351 1853 1404 1919 M.

342 1938 466 2018 Bibulo,
480 1943 552 2004 lata
565 1949 644 2003 sunt.
690 1941 725 2006 C.
738 1939 892 2004 Antonius
907 1938 1072 2022 proconsul
1089 1940 1124 2001 in
1143 1937 1280 2002 lbrocia
1288 1959 1405 2022 parum

335 2045 485 2108 prospere
508 2047 571 2090 rem
592 2028 696 2110 gessit.
743 2027 790 2089 M.
808 2027 924 2102 Cicero,
951 2028 1017 2110 lege
1040 2047 1062 2087 a
1078 2025 1119 2090 P.
1145 2025 1254 2089 Clodio
1279 2023 1406 2088 tribuno

335 2112 438 2193 plebis
451 2111 529 2186 lato,
546 2114 627 2195 quod
640 2113 830 2176 indemnatos
844 2111 1109 2189 censueramus,
1125 2112 1159 2174 in
1173 2111 1312 2174 cnsilium
1331 2112 1406 2176 mis-

342 2217 392 2262 sus
405 2205 459 2260 est.
505 2199 620 2274 Caesar,
637 2200 671 2260 in
686 2200 879 2281 prouinciam
897 2197 1037 2262 Galliam
1049 2197 1215 2281 prsffectus,
1230 2196 1407 2278 Heluetios,

341 2304 451 2368 uagom
459 2295 590 2368 gentem,
601 2287 734 2349 domuit.-
757 2305 833 2368 qua,
844 2287 941 2350 sedem
952 2305 1098 2368 quarens,
1114 2282 1201 2366 ”per
1208 2283 1407 2364 prouinciam

335 2369 480 2435 cessans
496 2371 668 2436 Narbonem
684 2373 858 2455 iterfecere
872 2371 1000 2434 uolebat.
1044 2371 1205 2433 Praeterea
1219 2369 1308 2432 situm
1326 2369 1405 2432 Gal-

284 2489 285 2496 *
342 2457 611 2522 liasumcontiuet.
655 2456 852 2540 ⁶8Pompeius
861 2459 899 2520 de
908 2457 1014 2520 liberis
1025 2455 1236 2530 Mithridatis,
1254 2455 1404 2538 Tigrane,

303 2581 305 2589 =
343 2552 374 2605 et
403 2543 650 2627 Tigranisfilio,
665 2545 882 2628 triumphavit.-
906 2543 1101 2628 Magnumque
1126 2563 1147 2606 o
1164 2549 1238 2604 'tota
1260 2542 1406 2606 concione

342 2631 548 2694 consalutatus
562 2640 614 2696 est.
1422 2665 1429 2676 =

309 2882 317 2902 '
392 2894 501 2958 Prima
517 2917 597 2978 pars
610 2895 686 2961 libri
697 2871 793 2960 'situm
811 2894 989 2961 Germania
1002 2914 1155 2978 moresque
1175 2891 1320 2956 continet.
1368 2891 1404 2956 C.

345 2980 460 3058 Casar,
476 3002 564 3066 quum
586 2984 729 3048 adoerm
745 2981 925 3059 Germanos,
941 2981 995 3066 qui
1008 2981 1165 3047 Ariouisto
1181 2979 1255 3042 duce
1274 2977 1309 3040 in
1325 2977 1405 3042 Gal-

377 3151 408 3194 64
420 3147 653 3206 Μμιπινωεειε
672 3165 789 3213 quumque
796 3164 855 3196 uco-
920 3152 950 3198 67
968 3148 1017 3194 Per
1033 3147 1182 3206 prouincias
1194 3146 1298 3194 δασὺ
1307 3143 1406 3192 Narba-
1423 3170 1430 3176 -

344 3208 406 3274 rem]
438 3213 499 3264 Huc
521 3213 645 3263 verborum
668 3222 788 3263 structura
806 3227 855 3262 uon
887 3212 999 3260 miter
1007 3207 1104 3275 facere]
1131 3212 1268 3260 Gronovius
1283 3207 1405 3280 proh’ar·

344 3279 463 3326 immerito
469 3280 590 3342 displicuit
597 3281 734 3329 Gronovius
753 3281 793 3340 qui
801 3293 855 3341 pro·
888 3279 969 3326 mnam
980 3278 1026 3340 legi
1035 3277 1106 3336 jubet
1117 3277 1306 3324 Narbonensem.

344 3344 410 3401 iude,
432 3357 505 3406 quum
531 3346 643 3407 reperiret
669 3346 695 3392 iu
717 3345 856 3406 quibusdam
923 3347 954 3392 68
971 3345 1103 3403 Posnpes'us
1111 3337 1405 3402 deliberisdlitheidotis]

336 3409 414 3466 MSS.
449 3410 553 3466 Quod..
566 3427 620 3458 cous
632 3413 746 3458 intrasset
762 3417 786 3456 et
796 3426 857 3458 aaa·
890 3408 1002 3466 ligonius
1013 3408 1096 3454 multis
1108 3408 1224 3470 bianum,
1233 3409 1286 3456 hnc
1297 3419 1340 3454 suo
1351 3406 1405 3454 louo

344 3489 401 3529 ran,
412 3476 570 3534 copulativam
580 3477 661 3536 tullit;
679 3477 714 3522 ita
725 3477 752 3522 ut
763 3477 809 3540 legi
818 3477 858 3522 de·
889 3475 969 3536 posita
986 3487 1036 3520 non
1052 3487 1110 3528 esse,
1122 3479 1246 3536 propterea
1264 3472 1327 3533 quod
1345 3484 1403 3517 uou-

344 3539 413 3586 besti
434 3541 519 3595 Quod.
531 3574 538 3589 .
549 3573 556 3586 .
569 3557 641 3603 qnam
659 3543 782 3595 intrasset,
799 3555 860 3588 nso·
890 3543 939 3586 stat
946 3538 1086 3600 Pompeium
1095 3537 1404 3585 Pisonestttessstscoss.

344 3619 394 3652 rems
402 3607 505 3652 marioni
512 3608 635 3668 pontificis
644 3607 810 3668 stupraoisset.
879 3605 1054 3665 triumphasse,
1066 3609 1196 3665 autequam
1206 3617 1261 3650 cunr
1273 3604 1367 3650 Castra
1377 3607 1405 3648 at

377 3675 407 3716 65
425 3671 534 3718 tractus·
542 3669 675 3732 pereffluis]
692 3673 750 3719 Hoc
758 3673 856 3718 debetur
888 3671 973 3718 Crasso
990 3670 1127 3716 mactatum
1144 3669 1226 3727 iniret,
1244 3668 1317 3714 tertio
1335 3679 1402 3717 auno

345 3733 450 3796 Sigonio.
474 3737 659 3785 AuteaMetelli
663 3737 794 3798 pontilicis.
810 3737 856 3784 Sed
888 3740 944 3782 anto
954 3734 1048 3782 Pisonis
1066 3739 1091 3781 st
1100 3735 1198 3782 Gabinii
1212 3733 1362 3780 consulatum
1379 3735 1406 3778 st

344 3801 421 3848 omnis
450 3799 550 3848 historia
577 3809 680 3849 testatur
707 3803 736 3848 ad
758 3801 857 3849 Cessatis
889 3801 986 3848 exilium
1004 3799 1136 3859 Ciceronis,
1154 3798 1288 3846 atCoesaris
1305 3799 1332 3845 irs
1342 3796 1401 3844 ost-

343 3880 442 3913 uxorem
451 3867 584 3930 Pompeiam
593 3869 725 3915 totumhoc
734 3869 856 3930 negotium
888 3862 945 3912 liasu
964 3866 1099 3912 adveutum.
1131 3865 1186 3912 lam
1197 3877 1253 3910 sero
1265 3862 1403 3910 Gronovius

344 3932 478 3980 attinuisse.
888 3931 914 3978 in
925 3931 1025 3977 historia
1033 3944 1128 3991 quoque
1136 3930 1212 3976 vitum
1224 3942 1275 3976 esse
1286 3927 1405 3974 otum-s.

376 4002 408 4044 66
427 3999 454 4044 C.
463 3993 606 4064 Pontinius]
629 3998 700 4046 Varis
711 3998 758 4046 hoe
769 4009 856 4043 nomeu
889 3995 939 4042 Cur
949 3997 1014 4042 enim
1022 3997 1051 4042 de
1063 3995 1142 4042 liberis
1150 3995 1231 4056 potius
1242 3993 1403 4050 Mithridatis,

343 4063 465 4120 scribitur,
480 4062 611 4118 Pontinus,
628 4063 767 4120 Pontinius,
784 4060 857 4108 Pous-
889 4075 959 4122 quam
977 4062 1005 4106 sle
1018 4061 1159 4107 Mithridate
1175 4061 1227 4121 ipso
1243 4058 1404 4118 triumphasse

341 4129 434 4188 prinus.
455 4129 490 4175 At
499 4129 523 4174 iu
534 4131 678 4190 pronomine
687 4125 855 4175 nulladubits-
887 4126 1015 4188 Pompeius
1026 4124 1133 4174 dicitur?
1151 4124 1320 4185 Triumphasit
1332 4123 1406 4170 Posu-

343 4193 379 4238 tio
388 4198 432 4237 est.
464 4193 560 4254 Ubique
567 4197 630 4256 apud
638 4197 785 4251 Ciceronem,
792 4193 856 4253 apud
888 4191 955 4253 peius
965 4193 995 4237 de
1004 4190 1143 4238 Mithridate
1151 4189 1286 4250 et'l'igrnue
1298 4187 1404 4246 regibus,

344 4255 483 4303 Sallustium
504 4259 532 4306 o.
548 4262 656 4319 vocatur,
671 4274 719 4306 non
737 4261 780 4305 Cn.
797 4272 856 4319 quo·
888 4258 965 4304 ductis
977 4262 1138 4303 autecussum
1151 4255 1230 4302 liboris
1241 4252 1404 4314 Mithridatis,

344 4321 414 4369 modo
426 4321 540 4372 hactenus'
552 4325 597 4374 hoc
608 4327 661 4375 loco
673 4325 801 4384 legebatur.
818 4323 822 4331 “
889 4327 913 4369 et
921 4322 1031 4386 varanis
1042 4321 1093 4371 filio
1101 4321 1213 4384 Tigrane.
