3056 4976
472 222 563 282 LIB.
588 219 670 281 XLI.
694 221 794 281 CAP.
818 221 949 306 XXVII.
1196 229 1237 295 29

183 384 259 450 bala
272 405 374 468 uxore
388 391 508 450 veneno
528 397 575 452 est
596 383 755 451 sublatus:
777 381 1023 470 ”damnataque
1041 385 1385 466 eocrimine,11.c.ats.·
1453 415 1456 420 ·

182 471 217 536 iu
238 471 388 537 exsilium
410 472 498 538 abiit.
542 470 631 536 Idem
646 470 734 535 furor
748 485 780 536 et
803 473 970 536 Cretenses
990 471 1159 537 lacerabat.
1181 467 1313 538 ard-⁸⁴⁰·
1327 473 1380 546 Ψ·
1446 497 1448 506 ’

182 571 279 624 ventu
301 557 416 622 deinde
439 557 482 633 Q.
506 556 643 622 Minucii
663 557 769 646 legati,
791 559 848 645 qui
875 581 947 624 cum
972 559 1081 622 decem
1104 560 1260 644 navibus,

182 644 297 708 missua
312 643 352 709 ad
368 645 505 708 sedanda
517 663 626 708 eorum
648 644 819 708 certamina
838 657 914 721 erat,
930 645 962 708 in
984 666 1071 728 spem
1087 643 1171 730 pacis
1186 667 1237 710 rea

181 743 307 794 nerant.
329 730 502 808 ²⁴ceterum
525 729 663 794 induciae
676 742 708 794 et
724 743 817 794 antea
838 751 894 794 sex
915 732 1071 796 mensium
1092 731 1237 798 fuerunt:

181 815 258 880 inde
272 815 374 882 multo
410 817 515 880 ravius
528 815 647 880 bellum
661 816 786 880 exarsit.
831 817 922 902 Lycii
943 837 1070 904 quoque
1083 839 1140 902 per
1155 819 1239 884 idern

182 913 307 987 ternpus
320 902 362 967 ad
379 839 515 968 incutis
536 901 618 966 bello
639 903 845 967 vexabantur.
891 903 951 967 Sed
971 915 1174 968 externorum
1188 905 1239 970 iru-
1318 951 1322 968 .

180 999 230 1052 ter
243 1011 277 1052 se
292 987 459 1076 bellaque
473 1009 608 1076 quaeque
619 987 714 1052 modo
724 1002 821 1076 gestae
832 1001 915 1064 sunt,
927 991 1071 1075 persequi
1083 993 1147 1070 non'
1163 1011 1239 1074 ope·
1254 1062 1259 1070 ,

181 1095 227 1136 rae
249 1087 296 1138 est
316 1073 426 1139 ²⁵satis
448 1074 727 1161 superque-oneris
749 1075 914 1140 sustinenti
934 1097 985 1138 res
1001 1076 1154 1161 apopnlo
1170 1077 1238 1143 Ro-

180 1179 277 1224 mano
290 1173 392 1246 gestas
406 1161 552 1226 scribere.
999 1183 1001 1190 ·
1149 1212 1155 1224 .

225 1246 356 1311 XXVI.
387 1245 538 1312 Celtiberi
561 1249 595 1310 in
619 1246 789 1331 Hispania,
812 1247 867 1330 qui
891 1245 975 1311 bello
994 1245 1110 1310 'domiti
1132 1271 1165 1312 se
1185 1249 1375 1316 'lhcetttbera

182 1333 332 1397 Graccho
352 1331 551 1411 dediderant,
571 1333 673 1418 pacati
695 1343 874 1396 manserant
890 1331 940 1396 M.
956 1331 1079 1397 Titinio
1100 1345 1237 1419 praetore
1245 1348 1297 1413 ΨΜ
1308 1333 1383 1382 ’θω-

96 1453 103 1459 -
181 1416 344 1482 obtinente
376 1419 584 1504 prorinciam.
619 1418 813 1483 rebellarunt
841 1416 937 1482 ²⁶sub
972 1417 1143 1484 adventurn
1173 1421 1237 1508 Ap.
1245 1403 1286 1448 ¹¹⁰·

183 1503 323 1582 Claudii,
349 1506 474 1591 orsique
498 1504 615 1568 bellum
645 1518 720 1569 sunt
744 1504 784 1570 ab
808 1505 974 1588 repentina
999 1505 1238 1594 obpugnatione

181 1603 357 1656 castrorum
375 1592 606 1656 Romanorum.
651 1589 760 1654 Prima
772 1590 827 1672 lux
841 1590 939 1656 ferme
952 1605 1030 1668 erat,
1046 1613 1144 1678 quum
1158 1593 1238 1683 vigi-

180 1674 226 1739 les
239 1676 272 1740 in
288 1676 381 1754 vallo,
398 1677 515 1764 quique
530 1665 562 1739 in
577 1677 741 1761 portariam
764 1677 949 1742 stationibus
963 1691 1062 1755 erant,
1079 1701 1177 1766 quum
1191 1682 1238 1747 vi·

181 1761 299 1826 dissent
319 1763 431 1847 procul
445 1759 621 1828 veni'e'n'tem
636 1761 770 1842 hostem,
784 1763 824 1828 ad
847 1784 936 1827 arma
949 1764 1237 1832 conclamaverunt.

179 1849 242 1932 Ap.
260 1848 424 1927 Claudius,
441 1849 534 1936 signo
553 1849 716 1933 proposito
737 1869 865 1936 pugnae,
880 1871 922 1912 ao
932 1851 1039 1934 paucis
1053 1851 1239 1921 adhortatus

180 1932 306 2012 milites
318 1935 420 2000 tribus
435 1937 526 2000 simul
541 1935 641 2020 portis
656 1935 778 2000 eduxit.
816 1934 1049 2001 Obsistentibus
1063 1937 1105 2001 ad
1120 1937 1239 2021 exitum

182 2017 359 2099 Celtiberis,
375 2023 479 2107 primo
493 2043 552 2106 par
565 2034 670 2086 utrum
696 2031 756 2096 ueu
772 2021 917 2106 proelium
932 2021 1002 2100 fuit,
1019 2025 1097 2108 quia
1109 2040 1247 2110 propter¹
1335 2059 1342 2066 ·

179 2108 341 2194 angustias
356 2127 421 2172 non
433 2129 540 2172 omnes
554 2108 588 2170 in
603 2044 747 2171 faucibus
761 2129 905 2196 pugnare
918 2121 1066 2192 poterant
1082 2109 1237 2176 Rotnani:

178 2187 383 2280 ²⁷urguentes
398 2193 512 2258 deinde
525 2192 579 2257 alii
600 2192 677 2258 alios
698 2195 795 2258 secuti
817 2207 984 2259 evaserunt
1006 2207 1097 2260 extra
1111 2196 1238 2275 vallum,

179 2290 215 2341 ut
228 2279 370 2362 pandere
389 2280 500 2356 aciem,
513 2279 540 2320 ²⁸
549 2293 581 2344 et
601 2281 763 2366 exaquari
784 2279 933 2344 cornibus
954 2279 1107 2359 hostibus,
1124 2284 1239 2368 quibus

177 2364 438 2452 circumibantur,
457 2377 595 2451 possent.
617 2366 661 2428 ita
681 2378 810 2450 repente
831 2377 1013 2448 eruperunt,
1030 2379 1069 2440 ut
1086 2369 1240 2434 sustinere

177 2451 322 2534 inpetum
337 2473 447 2517 eorum
461 2450 614 2517 Celtiberi
628 2451 804 2538 nequirent.
842 2453 925 2515 Ante
938 2449 1050 2516 horam
1067 2451 1237 2520 secundam

178 2536 263 2620 pulsi
292 2551 382 2604 sunt:
416 2538 456 2603 ad
482 2537 662 2623 quindecim
678 2537 791 2602 ,millia
815 2559 896 2607 caesa
920 2549 977 2604 aut
1005 2551 1114 2623 capta:
1146 2541 1238 2628 signa

178 2622 307 2687 ademta
327 2624 393 2690 duo
415 2638 446 2690 et
468 2627 609 2714 triginta.
655 2623 770 2690 Castra
790 2625 885 2688 etiam
907 2643 947 2688 eo
964 2623 1020 2688 ¹die
1046 2643 1127 2711 enpn
1174 2641 1236 2705 ata,

177 2707 443 2800 debellatumque.
465 2732 549 2787 narn,
566 2712 619 2798 qui
643 2709 824 2794 superfuere
846 2709 968 2796 proello',
985 2709 1018 2773 in
1041 2711 1114 2799 oppi
1140 2737 1158 2778 a
1180 2737 1237 2779 sua

177 2795 292 2876 dilapsi
306 2811 389 2864 sunt.
412 2797 509 2887 quieti
523 2797 638 2863 deinde
653 2810 826 2880 paruerunt
840 2797 985 2884 imperio.
997 2827 999 2836 ·
1224 2848 1227 2856 .

221 2879 377 2950 XXVII.
400 2883 557 2949 Censores
579 2905 618 2948 eo
637 2904 722 2948 anno
736 2883 891 2960 creatio.
909 2884 1040 2951 Fulvius
1056 2885 1189 2951 Flaccus
1203 2900 1367 2952 etcertum.

178 2967 222 3032 A.
246 2961 429 3035 Postumius
451 2967 589 3036 Albium
610 2972 755 3056 legerunt
776 2981 937 3036 senatum:
958 2974 1115 3058 'princeps
1138 2973 1234 3041 lectus

178 3051 227 3120 M.
240 3053 392 3138 AEmilius
407 3057 548 3142 Lepidus
562 3055 706 3141 pontifex
720 3057 889 3121 maximus.
929 3055 980 3121 De
995 3072 1105 3125 senatu
1119 3081 1235 3125 novem

175 3142 345 3224 ejecerunt.
368 3143 506 3230 insignes
520 3157 606 3206 notae
622 3141 753 3207 fuerunt
768 3141 818 3205 M.
836 3141 976 3206 Cornelii
992 3145 1235 3232 Maluginensis,
1245 3164 1353 3228 nutans·

175 3225 266 3314 ¹’qui
281 3229 411 3296 hiennio
424 3243 497 3294 ante
518 3243 638 3316 praetor
652 3227 685 3292 in
704 3227 859 3314 Hispania
871 3227 992 3308 fuerat3
1015 3244 1048 3296 et
1062 3231 1143 3328 ³⁰L..
1157 3233 1235 3302 Cor.
1245 3233 1317 3278 nota·

1262 599 1350 648 insidia.

551 3372 562 3400 ¹¹
574 3369 696 3430 utrimque
707 3367 780 3414 Gron.
795 3368 863 3414 Creu.

208 3489 239 3530 28
256 3483 428 3545 Damnatmue
443 3498 468 3529 ec
483 3480 595 3544 crimine]
630 3483 692 3538 hege
724 3479 835 3527 discimus
852 3480 898 3540 Ap.
916 3480 1041 3529 Claudiurn
1058 3481 1130 3528 fuisse
1150 3487 1236 3546 preto·

176 3562 230 3597 cunr
253 3547 390 3605 Perizonia,
411 3549 524 3595 &mnata
546 3563 604 3610 qaoe.
636 3548 691 3596 Vid.
715 3559 772 3592 rem
783 3545 902 3606 superiore
913 3551 1022 3600 suamet
1037 3547 1167 3594 citeriorem
1180 3547 1238 3594 rtts-

177 3615 228 3662 notss
242 3618 280 3666 89.
292 3615 322 3660 ad
333 3615 349 3660 l.
362 3615 404 3661 tv.
416 3629 437 3661 e.
451 3607 489 3664 lt.
500 3625 580 3674 snpra.
721 3612 817 3672 panium
828 3610 968 3658 obtinuisse.
1108 3666 1111 3671 Ι

207 3687 239 3728 94
257 3679 376 3732 ’Cetrium
396 3679 500 3726 inducie
519 3686 543 3724 et
563 3680 632 3724 antea
649 3689 692 3723 ses
756 3683 787 3727 27
803 3676 924 3737 Urgentes
934 3670 1016 3722 demde
1025 3673 1238 3740 aiiimiasaecutt]

175 3745 293 3793 meadum
307 3741 425 3806 fierunt]
447 3744 508 3800 tere
526 3755 580 3790 curn
598 3743 693 3790 Grono-
724 3742 821 3788 Nemini
829 3755 881 3788 uon
891 3741 1189 3802 apparebitvocemaccutr'
1199 3741 1239 3789 hic

176 3813 227 3860 vio:
247 3807 692 3858 ceterumiaduct'mtuatumreamea-
724 3809 759 3855 ita
780 3807 881 3868 positam
898 3818 957 3863 ease,
975 3811 1004 3852 ut
1024 3807 1137 3868 impediat
1157 3811 1238 3868 potius

174 3877 364 3938 aiumstceraar.
724 3885 829 3928 sensum,
845 3885 915 3932 quam
932 3873 1033 3931 adjuret.
1067 3873 1125 3919 Non
1144 3873 1240 3919 ‹tubite-

207 3949 237 3990 25
255 3943 326 3988 Satri
340 3953 455 4002 caperque
469 3939 548 3986 caeru
564 3940 693 3986 matinanta·
723 3953 785 3990 mus,
798 3938 856 3997 quin
872 3937 1046 3984 rescribendum
1062 3937 1107 3984 ait:
1127 3945 1238 4000 urgenter

172 4005 565 4121 gigigfftbidlelbimieiblibbu
580 3999 691 4127 :3:232
724 4003 1106 4129 detpgegtiquqxpptieqmm
1123 4068 1237 4128 turtum,

172 4141 235 4200 qaod
252 4145 278 4184 et
296 4136 401 4183 ortorum
417 4141 462 4189 eat,
474 4140 499 4182 et
515 4135 691 4182 deformatam-
724 4129 817 4196 patu]
839 4133 943 4194 Repouit
955 4133 1112 4180 'maneriam
1135 4139 1160 4180 rt
1175 4130 1238 4182 στό-

168 4207 271 4254 tionem.
299 4202 369 4253 Dicit
379 4201 460 4248 Lirim
471 4215 496 4247 ae
508 4200 566 4246 ratis
577 4213 692 4260 unperque
724 4199 911 4262 punieantibus
923 4197 1163 4261 manummerias.

169 4273 249 4320 oneris
265 4269 339 4325 ferre,
353 4281 445 4326 nempe,
462 4281 498 4313 rea
514 4267 631 4326 apopulo
642 4265 691 4312 Ilo·
756 4270 787 4313 99
806 4263 856 4319 Qut
866 4265 959 4310 umaro
970 4262 1124 4326 antemio·
1140 4267 1168 4311 tu
1177 4261 1238 4311 Hir·

161 4351 240 4388 mua
249 4337 342 4398 gestas
720 4332 797 4391 panta
806 4323 907 4392 faeiat]
929 4327 988 4377 ‘Hic
1002 4334 1088 4390 pretor
1102 4331 1130 4394 iq
1149 4329 1238 4390 Hispa·

196 4407 232 4454 ιε
248 4397 442 4449 Saraucarum
449 4391 614 4459 Apenas]
625 4393 692 4443 Hinc
723 4395 788 4444 niam
800 4395 841 4442 tre
863 4397 981 4456 natuerat,
998 4401 1029 4443 ut
1050 4399 1145 4445 conatu
1164 4405 1195 4440 ear
1214 4407 1238 4441 a.

1245 534 1392 583 Cretensium
1454 557 1461 574 a
1506 600 1509 610 .
