3056 4976
177 191 191 218 ⁹
302 204 350 264 cvi
501 235 503 244 =
715 201 982 268 'sorssors

194 393 218 458 j
299 367 441 450 pandat,
462 367 535 452 quia
556 367 626 433 detti
648 388 731 434 asma
751 369 865 455 anguli
881 372 981 454 pando
1003 370 1105 452 Suus,
1125 369 1293 457 fidebant
1307 373 1404 440 desm-

302 455 392 533 riurn,
408 453 447 518 ob
461 453 514 517 lror
527 453 592 536 ipso
606 475 727 520 numero
745 454 864 520 dutum.
911 455 1001 521 Hinc
1022 457 1174 524 evertitur
1188 459 1298 544 opinio
1315 457 1402 526 Kus-
1447 484 1449 490 ·

303 541 373 619 teri,
390 539 445 626 qui
459 559 556 626 grave
570 563 614 606 aes
629 541 671 606 de
683 563 874 628 quoeunque
887 564 952 608 aare
965 543 1206 646 intelligendum
1222 555 1325 630 putet,
1336 558 1404 614 tam

303 627 497 694 sextantario
510 638 544 694 et
559 627 686 707 uncati,
707 650 802 715 quem
818 628 941 694 libralis
955 631 1053 716 ¹qnasi
1069 651 1102 696 m
1116 630 1173 698 illa
1189 631 1405 718 appellatione

302 726 535 780 assumeretur
556 736 616 800 pro
637 735 779 793 nummo,
795 716 840 780 ita
853 729 993 816 utgroue
1005 739 1048 782 aa
1060 729 1144 784 essct
1166 739 1314 784 nummus
1327 739 1402 806 gra·

302 800 381 880 viar,
397 812 548 884 argenteo
562 801 683 888 scilicet
700 824 844 882 nummo,
859 823 915 889 qur
929 803 972 868 ob
985 805 1089 891 majus
1110 803 1229 870 metalli
1250 806 1401 890 pretium,

301 887 434 954 minoris
459 887 635 954 necessario
659 887 811 973 ponderis
834 911 901 954 erse
923 889 1026 956 debet.
1073 889 1150 956 Hoc
1172 901 1402 969 commentum,

301 973 390 1037 omni
403 985 544 1039 veterum
560 977 748 1040 anctoritate
764 975 962 1054 destitutum,
977 977 1042 1042 imo
1056 997 1129 1042 eum
1144 989 1305 1064 ea'apcrte
1319 1001 1406 1066 pug-

301 1081 391 1137 nans,
408 1061 520 1125 merito
534 1061 698 1146 explosum
714 1075 761 1126 est
774 1085 795 1126 a
810 1061 987 1128 Perizonio.

132 1173 206 1222 *tarn
217 1174 295 1235 gravi.
344 1154 390 1213 2⁰.
414 1146 507 1212 Patet
521 1148 626 1234 gravis
640 1149 714 1212 aeris
736 1147 982 1238 appellationem
998 1160 1066 1215 turn
1083 1161 1192 1214 natam
1207 1172 1287 1227 esse,
1302 1172 1406 1237 quum

141 1246 221 1316 ΜΨ
234 1254 275 1300 ar·
301 1255 383 1298 asses
398 1233 558 1298 imminuti
577 1247 661 1312 sunt,
677 1246 714 1298 ut
727 1256 845 1320 nempe
863 1257 959 1322 grave
973 1259 1017 1299 aes
1032 1247 1247 1321 opponeretur
1260 1236 1336 1302 huic
1351 1259 1405 1302 re-

140 1305 294 1416 ξων*
300 1321 385 1385 centi
399 1319 518 1386 leviori.
549 1322 655 1386 Antea
665 1324 750 1384 enim
764 1343 862 1409 quum
875 1322 970 1386 unius
980 1323 1104 1410 genens
1115 1345 1157 1388 oes
1168 1335 1258 1400 esset,
1270 1323 1406 1390 minime

140 1383 428 1484 millloffimeoesse
441 1420 509 1472 erat
522 1405 602 1470 illud
617 1407 723 1494 aliquo
737 1409 823 1474 velut
837 1409 1028 1498 cognomine
1041 1408 1196 1497 insigniri.
1241 1409 1354 1496 ltaque
1369 1411 1407 1474 in

142 1513 186 1547 m.
301 1494 370 1582 lege
384 1493 439 1557 illa
452 1492 622 1574 duodecim
637 1494 829 1573 tabularum,
844 1513 940 1580 quam
958 1509 1113 1562 memorat
1127 1494 1262 1575 Gellius,
1275 1495 1299 1561 l.
1316 1495 1403 1562 XX.

301 1601 331 1646 c.
350 1579 529 1681 1.·lcgin·rus
548 1580 803 1681 vigintiquinque
825 1581 891 1646 cris
911 1603 1007 1664 poeuae
1028 1591 1125 1646 sunto.
1171 1581 1248 1647 Non
1270 1581 1405 1648 additur
1512 1663 1513 1668 ἵ

298 1687 414 1752 gruum,
430 1686 504 1751 qura
518 1677 596 1733 tunc
609 1687 704 1732 umus
719 1666 808 1734 modi
821 1689 866 1732 aes
880 1681 959 1746 erat,
974 1687 1033 1734 nec
1047 1667 1183 1754 proinde
1196 1667 1262 1732 ulla
1275 1682 1406 1754 poterat

300 1775 368 1818 esse
378 1747 577 1840 ambiguitas.
609 1755 655 1818 At
665 1752 832 1839 scriptores
842 1753 958 1818 laevato
969 1753 1041 1818 aeris
1051 1754 1404 1839 pondererecentiores,

299 1838 407 1926 quales
422 1852 496 1904 sunt
509 1839 532 1903 ii
546 1859 657 1912 omnes
672 1838 738 1905 fere
752 1862 888 1927 quorum
901 1855 1108 1906 monumenta
1121 1840 1163 1905 ad
1178 1863 1237 1906 nos
1250 1863 1406 1926 pervene-

299 1937 385 2004 runt,
402 1925 457 1990 ubi
471 1925 666 2012 loquendum
686 1926 748 1994 illis
768 1927 829 1992 fuit
842 1926 883 1991 de
898 1927 1017 1992 assibus
1036 1926 1198 1995 libralibus
1221 1927 1406 2016 antiquiore
1449 1936 1452 1942 '

255 2056 258 2062 «
299 2033 369 2077 aevo
383 2009 515 2090 usitatis,
527 2011 771 2098 appellationem
786 2013 1259 2100 oensgrunisnsurparuntper
1272 2033 1405 2100 compa·-
1512 2079 1513 2094 p

188 2113 190 2118 '
299 2099 456 2164 rationem
471 2100 509 2164 ad
526 2121 570 2162 ses
584 2099 684 2164 levius
698 2101 784 2187 qnod
799 2123 858 2165 suo
872 2112 1016 2186 tempore
1029 2100 1062 2164 in
1077 2101 1223 2165 menibus
1233 2099 1404 2166 hominum
1512 2103 1513 2108 ’

301 2185 416 2251 versari
431 2183 599 2251 videbant.¹
1025 2185 1028 2192 “
1512 2195 1513 2202 ’

116 2287 282 2348 ’Τυιιεῳιο-
344 2281 388 2340 3⁶.
411 2272 546 2338 Constat
560 2269 655 2338 etiarn
675 2286 747 2358 post
759 2273 945 2338 imminutos
965 2293 1057 2352 asses,
1080 2291 1217 2338 summae
1238 2271 1405 2338 nihiloml·

140 2367 186 2414 φη
195 2367 361 2431 summanus
372 2359 406 2424 in
417 2381 481 2424 oere
492 2361 579 2442 gravi
589 2359 749 2426 interdum
761 2374 930 2448 conceptas
939 2359 1041 2424 luisse.
1061 2355 1403 2426 Testimoniosunttu
1512 2359 1513 2408 t

139 2419 165 2464 in
174 2433 221 2465 aare
227 2433 292 2480 grass

139 2485 258 2532 interdum
301 2445 423 2525 Livius,
443 2431 564 2512 XXII.
589 2457 641 2515 33.
664 2459 696 2512 et
711 2445 870 2514 XXXII.
886 2453 940 2515 26.
958 2458 1026 2511 tum
1048 2446 1136 2510 locus
1151 2469 1168 2510 e
1182 2447 1271 2512 libris
1293 2446 1403 2511 linteis
1512 2433 1513 2488 l

44 2594 48 2602 l
138 2555 267 2612 concepte.
297 2533 485 2619 pontificum
502 2557 520 2598 a
538 2534 692 2600 salmasio
710 2535 834 2610 allatus,
854 2532 992 2599 detrudo
1014 2553 1231 2618 rauranump.
1248 2537 1324 2602 287.
1345 2533 1403 2598 ubi
1512 2601 1513 2608 χ

297 2620 450 2685 dicuntur
471 2621 647 2684 AEtolorum
668 2619 779 2706 legatis
800 2621 895 2684 lautia
915 2621 1000 2696 datu,
1017 2625 1046 2684 et
1059 2621 1198 2696 ducenta,
1215 2618 1280 2684 sire
1294 2617 1404 2705 potius
1512 2643 1513 2692 t

297 2706 375 2771 bina
395 2707 492 2774 millia
511 2707 581 2770 ceris
596 2707 701 2792 gruum
720 2707 752 2772 iu
770 2707 934 2794 singulm.-
962 2703 1045 2770 Cum
1070 2704 1188 2771 AEtolis
1209 2705 1294 2770 enim
1314 2704 1406 2770 bello'
1512 2723 1513 2750 ³

297 2793 425 2857 demum
442 2791 566 2858 Punico
581 2785 721 2857 secundo
731 2815 799 2858 rem
809 2791 930 2858 habere
944 2793 1084 2859 Romani
1095 2803 1269 2880 coeperunt
1298 2792 1405 2858 Deni-
1512 2799 1513 2878 t

298 2901 360 2968 que
373 2879 458 2944 idem
474 2879 650 2944 adstruitur
661 2875 711 2946 ex'
722 2879 853 2957 Seneca,
870 2881 961 2967 quil.
979 2881 1006 2946 1.
1023 2879 1139 2945 Natus.
1156 2879 1281 2956 Quoest.
1296 2901 1324 2944 c.
1342 2879 1400 2944 ult.
1512 2911 1513 2914 ¹

298 2980 330 3031 et
346 2965 477 3032 Consol.
498 2965 763 3043 ad1.Helviam,c.
781 2973 833 3032 12.
848 2965 944 3031 tradit
957 2965 1113 3052 Scipionis
1124 2965 1206 3030 filias
1216 2966 1251 3029 irr
1263 2966 1371 3032 dotem
1382 2986 1404 3029 a
1512 3009 1513 3030 t

298 3067 410 3120 senatu
431 3052 588 3138 accepisse
601 3073 643 3117 ces
655 3075 760 3138 graue.
806 3051 908 3118 Hunc
923 3052 1105 3140 Scipionem
1121 3073 1163 3117 ex
1178 3053 1250 3118 Val.
1267 3053 1362 3118 Max.
1378 3052 1401 3115 l.

299 3139 359 3204 lv.
375 3162 403 3205 c.
420 3151 452 3207 4.
467 3135 701 3224 apparetitissc
717 3140 779 3205 Cn.
792 3141 984 3228 Scipionem,
1000 3139 1103 3228 quiin
1120 3137 1280 3226 Hispania
1293 3139 1401 3225 periit,
1512 3163 1513 3186 1

298 3237 448 3314 patruum
464 3226 607 3291 Africani
625 3226 751 3312 prioris.
1512 3229 1513 3262 l

137 3322 248 3370 ruitari-
341 3324 385 3380 4⁰.
408 3313 544 3379 Necesse
565 3326 611 3377 est
635 3326 670 3378 ut
690 3327 768 3378 tunc
790 3313 919 3401 aliquod
941 3314 1109 3378 discrimen
1131 3311 1226 3377 firerit
1248 3312 1344 3398 pretii
1368 3323 1401 3377 et
1486 3321 1493 3326 '

138 3387 777 3486 raedictaestimationisintergraveaes,
793 3414 825 3465 et
840 3399 1074 3466 ³⁵S⁶Slevi⁰feffl
1104 3397 1403 3488 All⁰q¹¹l¹¹i³¹¹⁰¹⁸¹¹⁸
1512 3409 1513 3460 l

137 3466 191 3500 man
202 3453 273 3514 pretii
299 3487 307 3502 .

135 3517 199 3566 im„
209 3533 243 3566 ω,
297 3485 409 3570 rnutile
420 3487 528 3553 fuisset
541 3486 640 3572 ipsius
652 3487 873 3572 appellationis
883 3487 1063 3552 discrimen.
1087 3485 1200 3572 Itaque
1211 3499 1295 3554 stare
1308 3503 1403 3574 posse
1512 3505 1513 3538 t

137 3598 208 3643 srsve
220 3590 244 3660 ,ετ
253 3596 363 3639 u-non
377 3575 503 3640 videtur
518 3573 675 3640 Gronovii
691 3575 854 3652 sententia,
871 3575 926 3662 qui
940 3573 961 3637 l.
979 3573 1039 3638 Ili.
1051 3571 1090 3636 de
1101 3571 1220 3638 Pecnn.
1231 3583 1292 3638 vet.
1305 3595 1333 3637 c.
1348 3583 1400 3640 15.
1512 3591 1513 3616 l

137 3662 174 3696 ³⁸¹
183 3649 288 3698 ΝΜ·
298 3676 406 3727 censet
416 3663 523 3750 gravis
533 3661 606 3725 aeris
617 3662 861 3727 nomiuevenire
870 3660 1008 3747 potuisse
1017 3678 1134 3724 massas
1142 3678 1250 3737 aereas,
1263 3680 1399 3746 quarum
1512 3643 1513 3710 Ῐ

297 3751 436 3833 pretinm
458 3749 638 3836 exigeretur
657 3748 698 3812 ad
715 3749 872 3812 rationem
893 3747 1017 3811 nummi
1036 3747 1129 3810 aereir
1151 3746 1196 3811 its
1212 3757 1257 3824 ut,
1273 3747 1327 3811 cui
1342 3747 1401 3812 do·

177 3904 179 3906 ,
296 3847 453 3900 narentur
467 3833 576 3900 decem
586 3831 685 3899 millia
701 3835 772 3899 aeris
787 3835 892 3922 gravis
906 3845 978 3919 post
987 3833 1125 3899 levatum
1138 3833 1266 3918 pondus
1280 3833 1400 3898 nomis-
1512 3823 1513 3870 t

219 3991 227 4005 ,
298 3934 431 4002 matum,
446 3923 473 3985 is
487 3920 644 4006 acciperet
666 3923 774 3986 decem
795 3921 895 3990 millia
916 3921 1032 3985 assium
1054 3919 1087 3984 in
1103 3919 1212 3984 massis
1233 3919 1399 4006 ejusmodi.
1512 3919 1513 3942 ²

299 4009 335 4075 Si
358 4009 393 4072 id
417 4007 646 4085 admitteretur,
668 4009 786 4094 periret
804 4009 872 4094 jam
896 4007 1067 4072 discrimen
1087 4006 1202 4092 pretiis
1233 4019 1268 4071 et
1287 4006 1401 4072 decent
1512 4011 1513 4038 l

297 4096 398 4199 millia
425 4096 530 4182 gravis
554 4095 627 4159 aeris
649 4107 752 4164 essent
777 4095 845 4182 ipsa
873 4095 984 4160 decem
1009 4093 1125 4160 assium
1147 4087 1306 4160 lariorum
1326 4091 1403 4158 mil·

295 4183 407 4335 llal’ro
422 4279 509 4336 certo
524 4271 630 4358 itaque
647 4287 768 4354 ponere
781 4287 874 4354 posse
893 4259 1039 4332 ridemur
1053 4267 1156 4354 gravis
1171 4268 1243 4332 aeris
1257 4266 1399 4354 appella·

297 4357 395 4440 tione,
410 4368 475 4422 tam
491 4369 574 4436 ante,
591 4378 685 4441 quam
706 4368 778 4440 post
799 4355 983 4420 imminutos
998 4375 1090 4431 asses,
1106 4351 1202 4419 libras
1216 4354 1290 4420 aeris
1305 4353 1399 4420 intel·
