3116 4986
785 235 1027 297 EPITOMAE

753 568 755 575 ·
859 539 948 622 CX.

425 716 459 779 C.
477 714 579 778 Cesar
595 713 782 791 Massiliam,
799 725 981 799 quaportas
995 715 1057 796 ipsi
1065 715 1227 789 clauserat,
1239 707 1369 772 obsedit:
1391 716 1435 782 et,

380 802 496 864 relictis
525 802 559 862 in
587 799 742 864 obsidione
765 801 849 864 urbis
873 801 936 885 ejra
960 802 1079 885 legatis,
1106 799 1140 864 C.
1162 795 1311 860 'biebonio
1335 803 1366 856 et
1386 792 1437 856 D.

380 886 491 966 Bruto,
499 886 656 970 preffectas
669 887 703 948 im
714 887 916 969 Hispaniam,
929 887 971 952 L.
984 884 1151 970 Afranium
1165 893 1195 946 et
1205 881 1256 946 M.
1269 879 1437 980 Petreium

380 973 494 1056 legatos
510 973 567 1035 Cn.
585 971 734 1054 Pompeii,
746 994 810 1036 eum
831 982 939 1055 septem
953 969 1117 1056 legionibus
1131 972 1174 1033 ad
1186 968 1320 1032 Ilerdam
1336 986 1371 1028 m
1385 965 1440 1026 de-

381 1059 525 1122 ditionem
540 1060 666 1140 accepit,
680 1079 835 1144 omnesque
849 1060 1007 1122 incolumes
1020 1059 1147 1134 dimisit,
1166 1055 1305 1119 Varrone
1319 1071 1438 1200 pungne

379 1145 480 1228 legato
495 1145 638 1226 Pompeii
652 1164 714 1206 cnm
728 1147 860 1208 eaereita
871 1146 904 1208 in
914 1153 1093 1226 potestatem
1107 1163 1191 1207 suam
1201 1142 1334 1204 redacto.
1401 1158 1440 1199 a·

334 1269 337 1279 ι
379 1231 497 1294 ditonis
509 1232 662 1293 civitatem
677 1231 772 1294 dedit.
816 1229 1036 1305 Massilienses,
1051 1228 1162 1292 duobas
1176 1226 1337 1290 navalibus
1347 1244 1439 1306 prae-

378 1316 431 1380 liis
445 1317 529 1394 victi,
539 1325 611 1396 post
624 1318 744 1397 longam
756 1316 936 1380 obsidionem
946 1317 1093 1399 potestati
1104 1313 1237 1379 Casaris
1248 1333 1280 1375 se
1288 1310 1440 1393 permise-

378 1412 461 1464 rant.
507 1402 542 1464 C.
557 1403 716 1477 Antonias,
729 1403 846 1484 legatus
859 1403 998 1478 Caesaris,
1013 1403 1092 1464 male
1110 1409 1217 1464 eontra
1230 1398 1440 1480 Pompeianos

379 1488 412 1548 in
429 1487 555 1570 illyrico
576 1485 661 1550 rebus
678 1489 782 1570 gestis,
800 1492 906 1570 eaptus
926 1498 979 1552 est.
1022 1487 1063 1550 In
1084 1507 1142 1570 qno
1163 1485 1239 1548 bello
1256 1482 1441 1582 Opitergini

384 1573 612 1655 Transpadani,
623 1573 755 1637 Ceesaris
769 1576 946 1650 auailinres,
956 1569 1299 1637 ratesuaobltostilibus
1307 1568 1440 1634 navibus

372 1659 491 1734 elansa,
501 1660 720 1743 potiusquam
743 1661 777 1722 in
792 1670 972 1742 potestatem
990 1659 1116 1723 bostiam
1137 1658 1285 1731 venirent,
1300 1655 1384 1718 inter
1406 1677 1440 1719 se

377 1753 584 1808 concurrentes
597 1745 806 1809 obaebroement.
852 1747 886 1810 C.
904 1747 1007 1822 Cario,
1021 1747 1138 1828 legatus
1150 1743 1282 1808 Caesaris
1296 1742 1330 1805 in
1343 1739 1439 1840 Afri·

377 1851 424 1905 ca,
441 1851 527 1914 quam
537 1852 685 1914 prospere
698 1830 871 1896 ⁸⁶adversas
889 1832 1011 1906 Varum,
1027 1832 1286 1914 Pompeianarum
1294 1835 1439 1910 pertram

378 1916 489 1992 daran,
500 1925 676 1999 pugnasset,
691 1939 711 1979 a
722 1917 805 1983 Jaba
819 1939 889 2002 rege
900 1917 1108 1981 Mauritania
1121 1937 1185 1980 erem
1196 1915 1329 1981 enmeitu
1343 1932 1439 1978 coesus

379 2010 432 2064 est.
479 2003 512 2065 C.
531 2003 635 2066 Casae
647 2004 683 2066 in
700 2001 854 2067 Gratiam
869 2003 999 2085 trajecit.

851 2327 962 2410 CXI.

420 2499 446 2544 ⁸⁷
451 2501 499 2564 M.
517 2502 629 2566 Coelias
642 2503 747 2585 Rufius
754 2512 885 2585 praetor,
898 2525 986 2588 qsmm
996 2503 1158 2567 seditiones
1173 2504 1207 2566 in
1217 2501 1290 2565 arbe
1299 2501 1439 2564 eoncita-

376 2595 434 2662 ret,
450 2607 593 2650 nooarnm
607 2585 778 2651 tabularum
792 2611 844 2672 spe
860 2590 949 2672 plebe
969 2589 1143 2667 sollicitata,
1158 2587 1306 2672 abrogato
1319 2589 1438 2670 magis·

376 2680 462 2734 trata
478 2674 586 2754 pulsus
607 2673 691 2750 urbe,
708 2674 828 2738 Miloni
848 2678 954 2752 ersuli,
977 2677 1032 2760 qai
1039 2676 1249 2760 fiagitiaorum
1270 2674 1438 2736 exereitum

376 2766 580 2833 contraxerat,
592 2780 624 2822 se
633 2759 797 2843 oory'nnrit.
819 2770 952 2846 uterque,
969 2783 1057 2846 qaam
1067 2762 1172 2826 bellum
1184 2762 1372 2834 molirentur,
1385 2760 1439 2821 in-

376 2841 497 2923 terseeti
509 2853 587 2905 sunt.
635 2844 808 2926 Cleopatra,
826 2847 875 2909 AE
907 2850 960 2931 pti
980 2850 1099 2931 regina,
1116 2871 1136 2912 a
1153 2847 1315 2912 Ptolemaeo
1323 2844 1440 2929 fratre

374 2948 469 3010 regno
477 2930 570 3010 pulsa
586 2938 639 2994 est.
684 2932 817 3014 Propter
830 2933 856 2972 ⁸⁸
864 2870 912 3008 ἕ
917 2934 1018 2998 Cassii
1025 2936 1175 3016 pratoris
1187 2933 1355 2997 avaritiam
1366 2949 1441 2993 erm-

376 3013 587 3098 delitatemqne
603 3016 805 3082 Cordubenses
819 3021 854 3082 in
868 3019 1030 3102 Hispania
1043 3019 1137 3084 8⁹erem
1152 3019 1266 3083 duabus
1284 3016 1439 3081 Varianis

374 3099 541 3182 legionibus
556 3100 729 3183 apartibus
744 3105 876 3170 auseris
890 3106 1086 3170 desciverunt.
1133 3107 1187 3170 Cn.
1202 3104 1375 3187 Pompeius,
1393 3103 1440 3166 ad

375 3185 582 3268 Dyrrachium
598 3187 726 3253 obsessas
745 3211 766 3252 a
784 3192 913 3268 Casare,
929 3201 968 3269 et,
978 3194 1138 3273 presidiis
1152 3191 1216 3275 ejas
1236 3212 1300 3254 cam
1321 3207 1440 3272 magma

373 3272 461 3334 clade
480 3274 607 3337 diversa
623 3276 724 3354 partis
738 3279 927 3362 expugnatis,
942 3278 1096 3341 obsidione
1110 3278 1265 3353 liberatus,
1281 3276 1440 3340 translato

375 3357 409 3419 in
428 3357 616 3422 Messaliam
631 3359 718 3438 bello,
735 3365 819 3444 apud
831 3364 1030 3428 Pharsaliam
1044 3366 1110 3428 acie
1124 3365 1218 3450 oietrrs
1238 3371 1293 3448 est.
1326 3361 1439 3426 Cicero

374 3443 409 3504 in
423 3444 534 3507 eastris
546 3447 702 3522 remansit,
718 3448 768 3512 nir
780 3449 862 3512 nibil
875 3451 972 3514 minas
986 3471 1075 3534 quam
1089 3449 1223 3515 albella
1239 3457 1346 3520 natus,·
1372 3467 1436 3510 om·

373 3529 517 3613 nilusque
531 3533 722 3596 aduersarum
731 3536 882 3617 partium,
893 3538 946 3621 qui
955 3558 986 3601 se
993 3538 1144 3618 potestati
1156 3537 1279 3601 victoris
1290 3533 1437 3618 permise-
1517 3619 1518 3624 ἵ

372 3624 454 3691 rant,
473 3615 579 3680 Ceasar
593 3617 719 3701 ignovit.

403 3819 435 3868 86
450 3819 569 3869 Adversus
590 3823 690 3887 Varum]
712 3825 778 3873 Olim
801 3827 886 3876 Varro·
917 3835 980 3885 tum,
989 3843 1107 3877 novarum
1116 3839 1198 3878 rerum
1207 3830 1329 3889 cupidum·

370 3898 430 3932 nem
454 3885 563 3933 Correxit
572 3886 691 3948 Sigonius.
949 3895 981 3943 88
1000 3894 1027 3950 Q.
1040 3891 1128 3956 Caedi]
1155 3895 1189 3942 Et
1199 3895 1355 3941 hoodebetur
1365 3891 1437 3954 sigo-

401 3948 433 3995 87
449 3949 486 3998 Μ.
500 3949 586 3997 Catius
600 3950 693 4014 blasae]
719 3952 812 4002 Verum
828 3959 885 4006 huic
918 3960 965 4006 nio.
999 3959 1063 4004 Olim
1078 3957 1107 4013 Q.
1119 3958 1207 4008 Catuli.

368 4015 560 4074 praemnnomen
571 4016 679 4063 restituit
686 4016 805 4077 Sigonius,
811 4036 887 4083 quum
952 4023 984 4070 89
1001 4021 1062 4070 Cum
1072 4023 1161 4070 &alsa
1175 4023 1284 4088 Varianis
1294 4019 1438 4085 legioniba]

367 4084 426 4126 ante
443 4091 501 4124 eum
517 4085 629 4139 corrupte
648 4081 767 4142 legeretur
777 4083 819 4132 Μ.
833 4087 882 4134 Coe-
914 4090 966 4135 διο.
978 4088 1114 4136 Gronovius
1129 4093 1194 4134 reete
1207 4094 1291 4134 monet
1302 4087 1437 4148 legendum

367 4143 444 4190 eilias.
477 4142 549 4190 laem
561 4144 651 4192 Coelius
662 4151 750 4201 orator,
762 4145 832 4210 cujus
843 4164 883 4197 ex·
920 4152 1081 4207 Vetranionis,
1093 4151 1118 4199 id
1134 4151 1438 4212 est,1egionibusiisquoe

367 4211 433 4252 stant
448 4208 482 4252 ad
499 4206 638 4254 Ciceronem
659 4209 776 4269 epistola,
793 4216 835 4272 qui
853 4216 884 4261 ab
916 4219 961 4264 sub
983 4217 1017 4262 M.
1037 4215 1147 4263 Varrone
1168 4217 1340 4262 militaverant·
1373 4211 1438 4260 Vid-

365 4270 451 4314 eodem
462 4269 576 4323 Cicerone
587 4273 700 4319 defensus
714 4281 752 4321 eet
761 4271 885 4326 luculenta
917 4293 999 4341 supro,
1012 4280 1065 4328 CX.
1074 4281 1114 4328 ³6.
1126 4286 1151 4327 et
1161 4282 1236 4328 Aust.
1245 4282 1276 4328 de
1288 4281 1316 4328 Β.
1327 4279 1438 4327 Aimo-

364 4333 489 4387 oratioue3
506 4347 580 4393 quem
597 4337 677 4383 omnis
691 4339 779 4387 horum
791 4347 885 4403 tempo·
917 4346 986 4392 drino
997 4357 1066 4405 oapp.
1078 4345 1117 4395 38.
1129 4343 1168 4394 di.
1180 4343 1219 4392 58.

362 4409 419 4442 rum
438 4397 538 4443 haiom
555 4399 667 4446 describit
683 4415 773 4462 aorem,
791 4406 884 4474 inquie-
