3120 4984
424 216 519 278 urs.
540 209 777 276 xeneae.
794 214 943 279 xxxix.
1184 223 1224 293 or

155 389 221 444 tore
238 377 333 458 sacto,
348 400 444 466 quem
463 379 684 445 Romanorum
706 379 811 447 favere
825 380 920 448 rebus
934 381 1008 448 satis
1022 397 1366 470 campanensem.

154 477 228 542 ortt,
244 466 440 531 transierunt
457 467 491 531 in
511 459 720 532 Thessaliam.
766 467 816 532 Eo
837 467 933 556 legati
955 471 1172 558 Acarnanum,
1187 469 1259 542 etll
1271 469 1299 518 ⁰·
1312 469 1365 518 ¹⁷¹·

155 552 342 617 Boeotorum
371 553 492 617 exsules
522 565 686 618 venerunt.
740 556 922 618 Acarnanes
951 557 1105 622 nunciare
1128 561 1217 645 jussi,

153 639 232 716 ane
243 641 393 722 Philippi
397 641 544 722 primum,
556 641 703 704 Antiochi
714 642 824 704 deinde
834 641 921 716 bello,
934 643 1054 726 decepti
1061 643 1219 729 lnpollici-

152 727 321 790 tationibus
334 728 427 810 regis,
443 728 587 790 adversus
597 729 742 808 populum
757 727 929 791 &manum
944 732 1167 808 commisissent,
1181 758 1218 799 eo

148 813 329 897 corrigendi
342 814 527 876 occasionem
550 813 614 877 illis
635 813 778 878 oblatam.
822 815 859 880 Si
879 816 959 878 mole
974 818 1078 879 meriti
1091 820 1218 884 clemen·

149 901 225 962 tiam
234 899 348 982 populi
357 899 495 962 Romani
508 901 629 980 eaperti
642 909 747 975 essent,
759 900 833 963 bene
846 903 986 964 merendo
1000 902 1218 972 liberalitatem

147 987 373 1068 experirentur.
432 983 553 1048 Boeotis
581 985 820 1070 exprobratum,
851 986 1030 1052 societatem
1060 1011 1113 1054 eos
1143 1014 1215 1057 cum

149 1069 266 1135 Perseo
283 1069 436 1156 junxisse.
457 1071 507 1150 iis,
523 1093 620 1156 quum
645 1069 770 1157 culpam
791 1073 824 1135 in
841 1071 1023 1154 Ismeniam,
1038 1075 1216 1162 principem

147 1157 275 1222 alterius
291 1159 400 1242 partis,
416 1156 605 1234 conferrent,
620 1157 648 1199 ⁸¹
656 1174 688 1224 et
703 1157 853 1244 quasdam
878 1159 1018 1224 civitates
1033 1161 1216 1229 dissentien-

147 1257 193 1308 tes
214 1244 250 1308 in
272 1264 415 1308 caussam
437 1241 597 1320 deductas,
618 1247 834 1328 adparitumm
856 1247 892 1309 id
911 1267 982 1323 esse,
1000 1245 1143 1314 Marcius
1164 1274 1215 1316 re-

145 1329 293 1414 spoudit:
309 1332 441 1414 singulis
449 1333 528 1394 enim
537 1331 713 1395 civitatibus
722 1333 759 1394 de
766 1352 799 1396 se
809 1333 886 1414 apsis
896 1335 1072 1414 consulendi
1075 1347 1215 1418 potesta·

145 1426 204 1492 tem
213 1417 372 1500 facturos.
417 1414 642 1480 Thessalorum
667 1417 802 1482 Larissae
829 1417 889 1482 fuit
911 1420 1092 1484 concilium.
1114 1421 1160 1486 ibi
1182 1437 1215 1490 et

146 1501 311 1568 Thessalis
325 1501 466 1592 benigna
480 1502 612 1566 materia
622 1503 740 1590 gratias
751 1504 865 1592 agendi
878 1503 1033 1570 Romanis
1044 1529 1105 1593 pro
1119 1507 1214 1574 liber-

145 1590 218 1655 tatis
233 1611 366 1653 munere
379 1587 438 1653 fuit
447 1611 456 1665 ς
479 1600 511 1652 et
531 1587 653 1677 legatis,
669 1590 765 1677 quod,¹
781 1605 814 1655 et
831 1589 971 1677 Philippi
992 1594 1081 1678 prius
1095 1607 1127 1660 et
1142 1610 1214 1682 post

146 1675 302 1742 Antiochi
326 1673 420 1752 bello,
443 1675 530 1740 euise
554 1675 654 1762 adjuti
678 1699 698 1741 a
722 1687 818 1765 gente
847 1676 1072 1744 Thessalorum
1099 1699 1213 1750 essent.

144 1763 206 1828 hac
220 1775 334 1829 mutua
348 1765 650 1827 commemoratione
670 1763 856 1829 meritorum
879 1766 1001 1829 accensi
1015 1768 1114 1830 animi
1129 1767 1213 1834 mul·

145 1849 290 1917 titudinis
312 1849 354 1914 ad
375 1849 483 1914 omnia
504 1848 713 1926 decernenda,
754 1873 803 1915 uae
822 1849 961 1917 Romani
983 1853 1109 1918 vellent.
1155 1857 1209 1923 Se·

145 1937 287 2003 cundum
310 1936 374 2000 hoc
395 1934 563 2000 concilium
586 1936 680 2024 legati
701 1873 854 2002 a‘l'erseo
875 1959 952 2026 rege
965 1951 1130 2021 venerunt,
1145 1944 1211 2026 pri·
1220 1955 1333 2018 ugnus

143 2025 208 2090 vati
229 2022 371 2089 maxime
392 2019 522 2106 hospitii
544 2021 672 2102 fiducia,
687 2024 772 2110 quod
796 2024 826 2088 ei
848 2038 1013 2111 paternum
1030 2049 1102 2092 cum
1120 2027 1212 2094 Mar·
1219 2020 1351 2136 {1⁸33ss

144 2111 194 2178 cio
222 2107 302 2175 erat'.
347 2108 401 2174 Ab
426 2108 521 2193 hujus
545 2109 783 2176 necessitudinis
808 2113 1109 2180 commemoratione
1134 2117 1210 2196 orsi,

143 2197 305 2282 petierunt
331 2194 438 2284 legati,
461 2195 495 2258 in
519 2195 723 2282 conloquium
752 2197 899 2264 veniendi
928 2200 997 2287 regi
1022 2213 1210 2282 potestatem

142 2283 272 2350 faceret.
306 2281 462 2362 Marcius,
476 2283 523 2346 Et
535 2305 567 2348 se
581 2284 629 2347 ito
643 2306 664 2347 o
673 2293 770 2367 patre
782 2306 836 2348 suo
849 2287 1009 2367 accepisse,
1025 2285 1117 2363 dixit,
1133 2291 1213 2353 ami·

29 2435 30 2444 ,
141 2374 249 2436 citiam
266 2371 488 2454 hospitiumque
503 2390 568 2433 cum
579 2369 862 2454 'Philippofnissa
885 2372 1007 2434 minime
1020 2373 1215 2440 inmemorem

29 2479 30 2512 1
142 2457 374 2523 necessitudinis
387 2455 450 2539 ejus
463 2455 646 2540 legationem
660 2478 726 2520 eom
740 2459 911 2539 accepisse.
957 2459 1168 2542 Conloqninm,
1183 2463 1213 2526 si

29 2561 31 2590 l

142 2543 379 2610 saracenatos
388 2545 514 2618 valeret,
526 2543 696 2626 nonsuisse
705 2544 889 2607 dilaturum:
911 2565 1002 2624 nunc,
1013 2543 1068 2607 nbi
1074 2547 1210 2628 primum

137 2641 251 2714 posset,
267 2632 312 2694 ad
333 2631 468 2694 Peneum
476 2629 610 2717 flumen,
624 2650 685 2713 qua
707 2632 858 2695 transitio
878 2630 918 2693 ab
933 2631 1097 2696 Hornolio¹
1110 2631 1210 2700 Dium
1240 2656 1241 2665 ¹

143 2729 226 2789 esset,
241 2717 418 2798 premissis,
435 2719 489 2799 qni
502 2718 686 2780 trunciarent
699 2717 944 2801 regimenturor.
998 2763 1001 2772 ,
1208 2763 1210 2768 -

144 2811 147 2818 “
184 2801 355 2870 ΧΧΧΙΧ.
379 2801 422 2866 Et
445 2815 513 2864 tum
535 2802 662 2888 quidem
686 2801 727 2867 ab
749 2803 817 2867 Dio
840 2803 973 2868 Perseus
1002 2804 1035 2869 in
1057 2803 1211 2872 interiora
1238 2881 1245 2886 ,

142 2891 235 2978 regni
255 2888 395 2974 recipitm
410 2909 454 2967 se,
468 2887 531 2951 levi
553 2911 630 2953 aura
652 2890 718 2974 spei
741 2889 875 2977 objecta,
890 2890 977 2978 quod
997 2891 1139 2957 Marcius
1160 2895 1211 2979 ip-

143 2979 206 3042 sius
231 2998 343 3041 caussa
365 2973 537 3058 suscepisse
565 2998 599 3039 se
629 2974 817 3064 legationem
851 2976 990 3042 dixisset.
1036 2978 1114 3043 Post
1143 2981 1209 3046 dies

29 3127 30 3130 ,
142 3084 261 3151 paucos
276 3062 317 3126 ad
332 3063 539 3127 constitutum
553 3059 657 3126 locum
674 3075 838 3128 venerunt.
883 3061 1025 3151 Magnus
1040 3066 1208 3132 comitatus
1217 3089 1346 3150 conloqui.

141 3151 201 3216 fuit
217 3149 332 3244 regius,
348 3169 447 3235 quum
469 3147 654 3227 amicorum,
670 3161 739 3214 tum
761 3148 929 3213 satellitum
951 3150 1045 3215 turba
1061 3152 1206 3236 stipante.
1217 3155 1372 3202 ¹¹¹³anoe-

141 3237 218 3302 Non
238 3236 361 3299 minore
382 3233 510 3322 agmine
531 3235 627 3321 legati
650 3247 813 3312 venerunt,
836 3248 868 3300 et
880 3234 929 3300 ab
952 3235 1080 3302 Larissa
1101 3220 1369 3345 multisffiffi‘n·

140 3321 415 3411 prosequentibus,
442 3334 475 3386 et
502 3320 712 3404 legationibus
741 3322 926 3400 civitatium,
951 3344 1024 3409 quae
1053 3345 1210 3390 convene·

138 3418 213 3476 rant
229 3409 400 3488 Larissam,
415 3421 448 3474 et
468 3409 656 3473 renunciare
676 3407 806 3473 domum
830 3421 925 3487 certa,
940 3431 1014 3496 quse
1035 3410 1208 3492 audissent,

138 3497 301 3564 volebant.
346 3498 456 3561 Inerat
476 3516 553 3560 cura
574 3494 673 3559 insita·
691 3493 878 3561 mortalibus
892 3495 1019 3560 videndi
1038 3498 1207 3581 congredi-

138 3600 227 3650 entes
242 3581 381 3648 nobilem
398 3603 515 3670 regem,
531 3593 563 3646 et
583 3581 695 3668 populi
716 3582 870 3668 principis
891 3595 1045 3647 terrarum
1063 3583 1206 3649 omnium

137 3673 272 3761 legatos.
317 3670 491 3758 Postquam
507 3669 539 3732 in
555 3683 727 3754 conspectu
741 3681 905 3745 steterunt,
921 3669 1088 3734 dirimente
1101 3691 1206 3748 amne,
1287 3673 1292 3692 .
1321 3745 1322 3748 Ἴ

137 3759 314 3845 paullisper
326 3755 593 3822 internunciando
606 3758 768 3822 cunctatio
786 3755 856 3832 fuit,
871 3755 936 3820 utri
951 3759 1207 3842 transgrederen-

140 3860 203 3914 tur.
229 3843 350 3932 aliquid
372 3841 421 3908 illi
442 3843 540 3931 regiae
561 3843 724 3930 majestati,
740 3843 859 3930 aliquid
882 3841 916 3906 hi
938 3844 1050 3929 populi
1067 3844 1207 3910 Romani

401 3997 408 4038 ¹
423 4001 512 4050 Omolto
522 4002 598 4050 Gran.
609 4001 680 4053 Crev.
749 4003 769 4033 Ν
780 3999 944 4064 recepitlised.

136 4133 237 4188 emunt,
252 4131 386 4192 tegendum
401 4105 454 4179 aas
464 4135 578 4194 pesae,
592 4132 658 4192 quoa
721 4129 753 4178 sa
768 4130 806 4176 ur
822 4127 932 4192 mmm
948 4127 1064 4192 unum]
1092 4127 1125 4174 ns
1142 4128 1206 4176 uae

139 4197 254 4257 Sigonius
264 4197 382 4244 voluerat.
690 4202 745 4241 rent
759 4197 877 4254 quasdam
892 4195 1013 4251 civitates,
1025 4207 1080 4254 quae
1094 4194 1207 4241 dissenti-

169 4261 201 4313 81
219 4261 433 4309 Pollicitcrtionttcs
454 4259 530 4324 regis]
558 4262 593 4307 nt
609 4262 658 4307 dno
688 4264 753 4313 rent,
770 4261 801 4306 ab
818 4259 925 4314 quenis
936 4263 961 4304 et
978 4257 1060 4304 Persei
1070 4259 1206 4306 factoribus

136 4339 204 4439 percha
221 4325 344 4439 nomfflati
355 4332 422 4385 sunt,
432 4326 558 4404 Philippus
569 4333 594 4372 et
605 4327 656 4375 An·
688 4324 803 4436 deduiclpu
814 4325 902 4452 satin
913 4324 981 4370 illam
991 4335 1099 4400 eramen,
1110 4330 1211 4372 coactas.

148 4405 184 4440 roc
202 4403 240 4441 us.
311 4404 501 4452 geergoregus.
688 4403 740 4436 esse
776 4403 817 4437 am
883 4403 923 4437 em
934 4401 1012 4450 sequi.
