3120 4984
433 174 527 233 ΗΒ.
550 173 661 232 XLIV.
690 173 795 233 CAP.
814 175 918 233 XXII.
1164 185 1217 240 141

142 339 267 414 Decem
277 347 434 424 praeterea
443 337 546 410 millis
559 337 702 422 peditum
717 338 874 423 imperate
882 339 986 419 sociis,
1002 350 1034 404 et
1047 341 1260 431 octingentis.
1273 359 1300 406 c.
1312 357 1368 406 nst

141 428 275 513 equites.
320 424 359 489 Id
376 424 514 510 praesidii
539 423 685 490 additum
702 426 829 502 Anicio,
845 439 963 510 praeter
977 425 1057 491 duas
1070 427 1222 517 legiones,
1231 427 1263 490 nss.
1276 425 1303 474 ὓ·
1313 424 1369 473 ¹⁶⁸·

142 513 171 552 ¹⁰
181 535 260 598 quas
274 525 404 598 portare
418 513 452 576 in
477 511 702 576 Macedoniam
719 525 766 576 est
775 514 892 598 jussus,
909 513 1007 599 quine
1022 514 1121 580 millia
1134 518 1224 602 pedi·

142 613 211 664 tum
234 612 267 664 et
287 599 427 664 ducenos
449 597 611 676 habentes,
634 612 778 664 trecenos
808 600 945 684 equites:
983 615 1016 666 et
1038 601 1071 664 in
1094 603 1225 670 classem

143 687 286 772 quinque
300 684 401 750 millis
414 684 574 750 navalium
590 685 712 752 socium
729 697 803 750 suut
817 687 944 771 scripta.
991 687 1134 754 Licinius
1148 713 1226 756 con·

142 772 328 856 sulvduebus
344 772 523 858 legionibus
538 771 681 836 obtinere
696 772 894 857 provinciam
904 775 1031 858 jussust
1054 798 1093 841 eo
1108 778 1226 846 addere
1288 855 1290 860 .

142 859 302 926 sociorum
319 860 428 923 decem
445 857 544 922 millia
557 858 712 942 peditum,
727 871 759 924 et
773 873 938 925 sexcentos
952 861 1083 946 equites.
1361 923 1363 928 .

187 945 310 1010 XXII.
336 945 625 1011 senatusconsultis
659 945 816 1030 perfectis,
837 945 877 1010 L.
901 945 1053 1011 AEmilius
1075 951 1187 1016 consul
1208 969 1366 1018 enutmiltt

142 1033 232 1099 curia
254 1033 288 1095 in
311 1035 505 1102 concionem¹
522 1033 681 1118 processit,
704 1032 944 1118 orationemque
976 1033 1072 1098 telem
1103 1037 1287 1106 habuitne
1302 1036 1386 1084 ⁰¹²5&

142 1120 409 1185 Animadvertisse
422 1121 538 1196 uideor,
559 1120 706 1198 Quirites,
720 1119 863 1204 majorem
884 1121 971 1197 milri,
986 1125 1095 1186 sortito
1117 1125 1226 1190 Mace·

143 1209 270 1273 doniam
295 1208 500 1289 provinciam,
528 1207 771 1290 gratulationem
787 1207 924 1289 sactum,
946 1229 1037 1291 quam
1059 1231 1148 1293 quum
1170 1223 1226 1276 aret

142 1295 249 1358 consul
263 1313 352 1358 essem
381 1295 600 1372 consalutatus,
614 1302 669 1356 aut
690 1313 749 1376 quo
770 1295 823 1356 die
843 1295 1057 1378 magistratum
1080 1299 1225 1362 inissem.-

143 1402 242 1464 neque
264 1382 299 1442 id
320 1379 357 1442 ab
378 1381 475 1444 aliam
497 1400 644 1458 caussam,
660 1401 750 1463 quam
772 1383 847 1472 quia
866 1380 944 1444 bello
967 1384 1002 1444 in
1025 1383 1224 1462 Macedonia,

142 1469 227 1552 quod
236 1468 292 1530 diu
300 1461 447 1543 trahitur,
454 1467 652 1538 euistimustis
659 1469 784 1549 dignrrm
795 1465 953 1550 majestate
954 1471 1070 1551 populi
1087 1471 1227 1538 Romani

145 1556 260 1618 ealtum
270 1573 332 1636 per
346 1575 392 1616 nte
414 1554 523 1635 inponi
540 1574 638 1635 posse.
684 1554 769 1617 Deos
790 1575 907 1639 quoque
927 1555 996 1618 huic
1004 1557 1129 1640 fhuisse
1149 1560 1228 1623 sorti

142 1662 244 1722 spera,
257 1642 431 1724 eosdemque
443 1643 476 1703 in
491 1639 578 1703 rebus
591 1641 737 1724 gerendis
750 1640 915 1724 adfuturos
928 1663 999 1706 esse.
1022 1625 1228 1726 Haecpartim

144 1725 317 1809 ²¹opinari,
329 1729 449 1810 partim
469 1747 598 1809 sperare
613 1747 746 1808 possum.
775 1727 860 1789 illud
879 1729 1048 1810 adfirmare
1065 1751 1127 1812 pro
1147 1741 1230 1796 certo

149 1814 247 1878 labeo
262 1815 426 1897 nucleoque,
442 1835 489 1876 me
501 1814 584 1880 omni
603 1834 660 1894 ope
680 1813 859 1876 adnisurum
881 1835 954 1895 esse,
977 1837 1015 1879 ne
1023 1817 1156 1899 frustra
1177 1839 1231 1884 vos

145 1902 226 1964 lanc
239 1922 321 1983 spem
336 1901 374 1963 de
394 1920 441 1964 me
461 1900 670 1982 conceperitis.
717 1897 796 1974 Qua
818 1902 861 1963 ad
880 1900 988 1964 bellum
1009 1923 1085 1985 opus
1104 1914 1184 1982 suut,
1200 1915 1231 1970 et

147 1979 271 2068 senatus
285 1989 475 2066 decrepita
497 1988 654 2070 (quoniam
668 1987 818 2068 cntempla
836 1989 986 2070 preficisci
1003 1991 1232 2076 plantaeque
1278 2057 1282 2066 ,

146 2096 203 2159 ego
218 2075 252 2138 in
267 2095 350 2140 mora
364 2074 442 2154 sum)
462 2073 496 2137 C.
513 2073 659 2138 Licinius
677 2074 803 2156 collega,
819 2074 869 2138 uir
883 2077 1036 2161 egregius,
1052 2097 1137 2163 caque
1147 2081 1233 2142 enise

142 2160 287 2244 parabit,
304 2181 341 2224 uc
354 2162 383 2225 si
398 2161 463 2242 ipse
481 2161 516 2223 id
528 2160 636 2223 bellum
648 2169 788 2244 gesturus
802 2170 887 2224 esset.
914 2161 983 2240 Vos,
999 2183 1068 2246 qua
1081 2167 1232 2248 scripsero

147 2249 281 2328 senatui,
295 2257 351 2310 aut
364 2247 459 2325 vobis,
473 2247 600 2309 credite.
615 2267 748 2310 rumores
762 2248 945 2310 credulitate
955 2259 1057 2312 uestra
1070 2272 1110 2313 ne
1124 2253 1231 2329 alatis,

147 2355 273 2418 quorum
287 2343 396 2398 auctor
408 2354 495 2397 nemo
508 2332 651 2396 eustahit.
695 2332 778 2394 Nam
794 2353 874 2396 nunc
895 2335 1026 2416 quidem,
1042 2338 1125 2419 quod
1142 2338 1232 2423 uulgo

132 2423 227 2505 fieri,
242 2422 299 2484 hoc
313 2422 474 2502 precipue
488 2419 575 2493 bello,
588 2419 802 2495 animadverti,
817 2440 905 2483 nemo
919 2421 1089 2504 tamfarnae
1102 2433 1232 2488 contem-

148 2519 199 2572 tor
213 2518 268 2588 est,
282 2507 367 2592 cujus
386 2527 448 2570 non
463 2505 624 2570 debilitari
644 2506 765 2570 animus
772 2507 886 2589 possit.
932 2507 969 2570 In
985 2509 1121 2574 omnibus
1133 2511 1233 2576 circu·

148 2596 197 2672 lis,
212 2605 306 2678 atque
319 2596 412 2658 etiam
428 2591 479 2678 (si
490 2593 569 2656 Diis
576 2592 704 2678 placet)
716 2594 750 2655 in
764 2594 912 2658 conviviis
921 2604 1001 2671 sunt,
1014 2597 1070 2679 qui
1083 2599 1233 2664 accercitus

149 2684 186 2749 in
202 2683 423 2747 Macedoniam
438 2682 553 2744 dmaut
561 2713 573 2752 ,·
597 2679 651 2744 uhi
664 2690 766 2744 castra
782 2679 913 2744 locanda
927 2683 1000 2758 sint,
1016 2685 1141 2756 sciant‚·
1165 2705 1233 2769 quas
1260 2745 1264 2752 .
1334 2753 1337 2760 Α

147 2767 216 2832 loca
233 2769 395 2851 presidiis
415 2768 615 2851 occupanda,·
639 2769 770 2851 quando,
794 2777 849 2831 aut
881 2789 941 2852 qno
971 2769 1051 2834 saltu
1080 2773 1233 2838 intranda
1334 2768 1352 2824 ‘-

148 2856 340 2920 Macedonia
345 2891 358 2928 ,-
381 2854 556 2918 ulilorrea
565 2855 735 2936 ponendm·
760 2859 1234 2939 quatara5marisuhueliantra

150 2951 351 3014 commentus‚·
389 2943 598 3024 quandonam
623 2942 708 3005 hoste
728 2963 835 3006 manus
854 2945 1070 3019 conserendae;
1110 2949 1234 3029 quando

150 3030 359 3114 quiescendum
373 3030 425 3092 sit.
470 3027 546 3104 Nec,
564 3029 641 3110 quid
653 3028 758 3092 melius
768 3028 953 3113 faciendum
967 3033 1018 3108 sit,
1034 3033 1121 3096 moda
1135 3042 1233 3098 statu-

150 3125 215 3192 unt,
232 3117 294 3192 sed,
311 3115 464 3200 quidquid
475 3115 580 3191 aliter,
605 3135 695 3198 mam
720 3115 783 3197 ipsi
795 3135 947 3196 censuere,
950 3117 1076 3201 factum
1091 3129 1145 3198 est,
1161 3141 1234 3184 cen·

147 3204 241 3268 nalem
256 3201 350 3266 velun
361 3203 447 3268 dicta
461 3201 513 3264 die
526 3210 678 3264 accusant.
723 3200 805 3264 Hac
823 3223 937 3286 magna
959 3203 1168 3286 iupedimenta
1183 3228 1234 3273 res

146 3289 325 3375 gerentibus
342 3297 421 3352 stent.
443 3309 498 3350 nec
522 3287 602 3350 enim
617 3307 717 3352 omnes
732 3296 793 3350 tam
794 3287 890 3370 firmi
908 3298 939 3353 et
952 3293 1119 3356 constantis
1133 3295 1234 3358 animi

146 3385 258 3440 contra
280 3375 437 3440 aduersum
456 3395 608 3438 minorem
630 3393 692 3437 esse
706 3382 846 3456 possunt,
875 3391 967 3458 quam
996 3377 1111 3444 Fahiru
1136 3379 1231 3463 fluit.-

151 3465 206 3549 qui
219 3483 304 3528 suum
319 3463 479 3544 imperium
493 3461 593 3526 minui
601 3459 689 3542 2‘per
703 3461 872 3525 uanitatem
882 3461 996 3544 populi
1005 3465 1126 3540 maluit,
1141 3487 1233 3551 quam

147 3551 281 3616 secunda
290 3549 389 3634 fama
410 3550 489 3612 male
511 3569 574 3610 rem
593 3569 713 3631 gereres
758 3546 832 3610 Non
852 3569 915 3613 sum
929 3549 965 3626 is,
982 3551 1037 3634 qui
1049 3571 1110 3614 non
1125 3553 1232 3616 emisti-

148 3657 227 3702 mem
259 3637 463 3722 admonendos
495 3635 583 3698 duces
604 3655 688 3698 esse.-
722 3635 812 3699 immo
831 3656 907 3710 eum
930 3637 984 3720 qui
1004 3637 1042 3700 de
1062 3657 1120 3701 sua
1140 3639 1233 3703 unius

147 3725 302 3788 sententia
322 3723 427 3786 omnia
448 3731 550 3808 gerat,
575 3719 734 3802 superbum
745 3719 857 3805 judico
875 3723 986 3807 magis,
1002 3744 1094 3808 quam
1107 3724 1232 3807 sapien-

148 3819 218 3876 tem.
266 3809 354 3888 Quid
377 3829 450 3896 ergo
471 3812 542 3872 est?
566 3808 706 3871 &imum
721 3829 740 3869 a
752 3809 965 3890 prudentibus,
993 3821 1023 3874 et
1039 3812 1172 3895 proprie
1184 3813 1234 3878 rei

186 4050 220 4098 20
238 4049 302 4105 Quas
309 4053 407 4110 portam
425 4051 452 4096 tn
469 4047 676 4096 Macedoniammt
707 4062 818 4109 possum,
836 4051 926 4110 partim
942 4064 974 4098 ex
989 4051 1122 4109 ominibus,
1141 4052 1232 4111 quibus

146 4115 242 4180 jussus]
260 4114 502 4176 lmointtlprteum.
536 4114 676 4170 Haeceuim
708 4114 813 4174 propitia
832 4116 902 4162 nobis
914 4117 1017 4165 deorum
1029 4116 1141 4162 voluntas
1151 4117 1232 4167 deela-

153 4179 376 4238 ¹Aniciopsovinciet
386 4181 513 4242 obtigerat.
709 4186 792 4233 sature
810 4179 900 4240 partim
916 4193 947 4226 ex
964 4193 1016 4241 spe,
1036 4192 1112 4240 quam
1133 4178 1231 4244 subjicit

187 4243 240 4298 21*
250 4245 364 4308 Opinati]
381 4247 471 4295 Parum
490 4244 617 4306 proprium
631 4245 677 4292 hoc
707 4243 846 4294 rettoheud
857 4245 942 4302 fellas.

149 4309 204 4356 loeo
216 4312 326 4358 verbum.
350 4310 468 4371 Legimus
478 4311 589 4358 ominari·
613 4309 673 4357 Seu·
711 4309 770 4368 „22
787 4307 838 4356 Pa·
857 4311 984 4358 nemmem
999 4309 1096 4374 populi]
1127 4311 1174 4360 Pet·
1193 4313 1232 4368 iu·

153 4385 197 4428 sua
207 4379 254 4432 est.
272 4373 334 4422 liae
346 4375 381 4421 ite
391 4375 475 4434 futura
485 4377 603 4436 spondere
611 4375 673 4430 utihi
705 4373 844 4426 consultam
859 4375 943 4436 populi
954 4375 1101 4428 levitatem„
