<?xml version="1.0" encoding="UTF-8"?>
<!DOCTYPE html PUBLIC "-//W3C//DTD XHTML 1.0 Transitional//EN"
    "http://www.w3.org/TR/xhtml1/DTD/xhtml1-transitional.dtd">
<html xmlns="http://www.w3.org/1999/xhtml" xml:lang="en" lang="en">
 <head>
  <title>
</title>
<meta http-equiv="Content-Type" content="text/html;charset=utf-8" />
  <meta name='ocr-system' content='tesseract 3.04.00' />
  <meta name='ocr-capabilities' content='ocr_page ocr_carea ocr_par ocr_line ocrx_word'/>
</head>
<body>
  <div class='ocr_page' id='page_1' title='image "./tliviipatavinih03crevgoog_0301.png"; bbox 0 0 3120 4984; ppageno 0'>
   <div class='ocr_carea' id='block_1_1' title="bbox 349 203 1011 276">
    <p class='ocr_par' dir='ltr' id='par_1_1' title="bbox 349 203 1011 276">
     <span class='ocr_line' id='line_1_1' title="bbox 349 203 1011 276; baseline 0 -2"><span class='ocrx_word' id='word_1_1' title='bbox 349 218 406 275; x_wconf 76' lang='lat' dir='ltr'><strong>rso</strong></span> <span class='ocrx_word' id='word_1_2' title='bbox 733 203 1011 276; x_wconf 80' lang='lat' dir='ltr'><strong>r1r1L1vr1</strong></span> 
     </span>
    </p>
   </div>
   <div class='ocr_carea' id='block_1_2' title="bbox 181 373 1419 2461">
    <p class='ocr_par' dir='ltr' id='par_1_2' title="bbox 181 373 1419 807">
     <span class='ocr_line' id='line_1_2' title="bbox 182 373 1419 466; baseline 0.004 -24"><span class='ocrx_word' id='word_1_3' title='bbox 182 381 320 437; x_wconf 60' lang='grc'><strong>166806</strong></span> <span class='ocrx_word' id='word_1_4' title='bbox 344 375 540 466; x_wconf 85' lang='lat' dir='ltr'><strong>provinciam</strong></span> <span class='ocrx_word' id='word_1_5' title='bbox 556 387 726 455; x_wconf 59' lang='lat' dir='ltr'><strong>venereum</strong></span> <span class='ocrx_word' id='word_1_6' title='bbox 748 377 859 444; x_wconf 89' lang='lat' dir='ltr'><strong>consul</strong></span> <span class='ocrx_word' id='word_1_7' title='bbox 872 377 1022 460; x_wconf 88' lang='lat' dir='ltr'><strong>AEmillus</strong></span> <span class='ocrx_word' id='word_1_8' title='bbox 1045 377 1078 442; x_wconf 93' lang='lat' dir='ltr'><strong>in</strong></span> <span class='ocrx_word' id='word_1_9' title='bbox 1095 373 1333 459; x_wconf 89' lang='lat' dir='ltr'><strong>Macedoniam,</strong></span> <span class='ocrx_word' id='word_1_10' title='bbox 1350 377 1419 447; x_wconf 67' lang='lat' dir='ltr'><strong>Oct</strong></span> 
     </span>
     <span class='ocr_line' id='line_1_3' title="bbox 181 451 1417 550; baseline 0.003 -20"><span class='ocrx_word' id='word_1_11' title='bbox 181 451 214 499; x_wconf 69' lang='lat'><strong>⁸⁴</strong></span> <span class='ocrx_word' id='word_1_12' title='bbox 226 452 253 500; x_wconf 75' lang='lat'><strong>⁰·</strong></span> <span class='ocrx_word' id='word_1_13' title='bbox 267 451 322 501; x_wconf 72' lang='lat'><strong>¹⁶⁰·</strong></span> <span class='ocrx_word' id='word_1_14' title='bbox 346 465 448 530; x_wconf 82' lang='lat' dir='ltr'><strong>tarius</strong></span> <span class='ocrx_word' id='word_1_15' title='bbox 463 465 586 530; x_wconf 89' lang='lat' dir='ltr'><strong>Oreum</strong></span> <span class='ocrx_word' id='word_1_16' title='bbox 605 463 646 530; x_wconf 90' lang='lat' dir='ltr'><strong>ad</strong></span> <span class='ocrx_word' id='word_1_17' title='bbox 670 465 809 543; x_wconf 79' lang='lat' dir='ltr'>classem,</span> <span class='ocrx_word' id='word_1_18' title='bbox 827 465 959 530; x_wconf 84' lang='lat' dir='ltr'>Anicius</span> <span class='ocrx_word' id='word_1_19' title='bbox 980 466 1012 529; x_wconf 92' lang='lat' dir='ltr'><strong>in</strong></span> <span class='ocrx_word' id='word_1_20' title='bbox 1031 464 1206 550; x_wconf 86' lang='lat' dir='ltr'><strong>Illyricum,</strong></span> <span class='ocrx_word' id='word_1_21' title='bbox 1221 466 1274 530; x_wconf 89' lang='lat' dir='ltr'><strong>cui</strong></span> <span class='ocrx_word' id='word_1_22' title='bbox 1296 468 1417 534; x_wconf 86' lang='lat' dir='ltr'><strong>bellan-</strong></span> 
     </span>
     <span class='ocr_line' id='line_1_4' title="bbox 183 551 1417 640; baseline 0.002 -23"><span class='ocrx_word' id='word_1_23' title='bbox 183 553 266 600; x_wconf 64' lang='lat' dir='ltr'><strong>thffl</strong></span> <span class='ocrx_word' id='word_1_24' title='bbox 276 568 319 617; x_wconf 73' lang='lat' dir='ltr'><strong>gs-</strong></span> <span class='ocrx_word' id='word_1_25' title='bbox 345 551 424 617; x_wconf 91' lang='lat' dir='ltr'><strong>dum</strong></span> <span class='ocrx_word' id='word_1_26' title='bbox 439 554 588 625; x_wconf 74' lang='lat' dir='ltr'><strong>aduersus</strong></span> <span class='ocrx_word' id='word_1_27' title='bbox 603 551 769 617; x_wconf 90' lang='lat' dir='ltr'><strong>Gentium.</strong></span> <span class='ocrx_word' id='word_1_28' title='bbox 815 551 911 617; x_wconf 85' lang='lat' dir='ltr'><strong>Patre</strong></span> <span class='ocrx_word' id='word_1_29' title='bbox 926 552 1078 617; x_wconf 83' lang='lat' dir='ltr'><strong>Pleurato</strong></span> <span class='ocrx_word' id='word_1_30' title='bbox 1093 573 1168 640; x_wconf 87' lang='lat' dir='ltr'><strong>rege</strong></span> <span class='ocrx_word' id='word_1_31' title='bbox 1184 551 1366 639; x_wconf 86' lang='lat' dir='ltr'><strong>Illyriorum</strong></span> <span class='ocrx_word' id='word_1_32' title='bbox 1383 568 1417 620; x_wconf 90' lang='lat' dir='ltr'><strong>et</strong></span> 
     </span>
     <span class='ocr_line' id='line_1_5' title="bbox 183 623 1417 731; baseline 0.003 -29"><span class='ocrx_word' id='word_1_33' title='bbox 183 623 267 731; x_wconf 55' lang='lat' dir='ltr'><em>w</em></span> <span class='ocrx_word' id='word_1_34' title='bbox 346 651 449 704; x_wconf 88' lang='lat' dir='ltr'><strong>matre</strong></span> <span class='ocrx_word' id='word_1_35' title='bbox 464 639 627 722; x_wconf 80' lang='lat' dir='ltr'><strong>Eurydica</strong></span> <span class='ocrx_word' id='word_1_36' title='bbox 640 640 766 728; x_wconf 89' lang='lat' dir='ltr'><strong>genitus</strong></span> <span class='ocrx_word' id='word_1_37' title='bbox 788 640 900 704; x_wconf 86' lang='lat' dir='ltr'><strong>fratres</strong></span> <span class='ocrx_word' id='word_1_38' title='bbox 921 639 1013 716; x_wconf 88' lang='lat' dir='ltr'><strong>duos,</strong></span> <span class='ocrx_word' id='word_1_39' title='bbox 1031 637 1192 703; x_wconf 78' lang='lat' dir='ltr'>Platorem</span> <span class='ocrx_word' id='word_1_40' title='bbox 1208 657 1344 726; x_wconf 89' lang='lat' dir='ltr'><strong>utroque</strong></span> <span class='ocrx_word' id='word_1_41' title='bbox 1358 663 1417 726; x_wconf 91' lang='lat' dir='ltr'><strong>pa·</strong></span> 
     </span>
     <span class='ocr_line' id='line_1_6' title="bbox 346 725 1417 807; baseline 0.004 -18"><span class='ocrx_word' id='word_1_42' title='bbox 346 738 446 807; x_wconf 88' lang='lat' dir='ltr'><strong>rente,</strong></span> <span class='ocrx_word' id='word_1_43' title='bbox 477 727 704 792; x_wconf 86' lang='lat' dir='ltr'><strong>Caravantium</strong></span> <span class='ocrx_word' id='word_1_44' title='bbox 737 737 839 790; x_wconf 86' lang='lat' dir='ltr'><strong>matre</strong></span> <span class='ocrx_word' id='word_1_45' title='bbox 871 725 981 790; x_wconf 89' lang='lat' dir='ltr'><strong>eadem</strong></span> <span class='ocrx_word' id='word_1_46' title='bbox 1014 737 1136 802; x_wconf 87' lang='lat' dir='ltr'><strong>natum,</strong></span> <span class='ocrx_word' id='word_1_47' title='bbox 1166 725 1288 790; x_wconf 88' lang='lat' dir='ltr'><strong>habuit.</strong></span> <span class='ocrx_word' id='word_1_48' title='bbox 1337 727 1417 793; x_wconf 87' lang='lat' dir='ltr'><strong>Hoc</strong></span> 
     </span>
    </p>

    <p class='ocr_par' dir='ltr' id='par_1_3' title="bbox 296 812 1418 988">
     <span class='ocr_line' id='line_1_7' title="bbox 296 812 1417 901; baseline 0.002 -24"><span class='ocrx_word' id='word_1_49' title='bbox 296 867 300 886; x_wconf 85' lang='grc'><strong>,</strong></span> <span class='ocrx_word' id='word_1_50' title='bbox 345 827 479 898; x_wconf 91' lang='lat' dir='ltr'><strong>propter</strong></span> <span class='ocrx_word' id='word_1_51' title='bbox 502 812 733 901; x_wconf 82' lang='lat' dir='ltr'><strong>ignobilitatem</strong></span> <span class='ocrx_word' id='word_1_52' title='bbox 758 822 923 897; x_wconf 89' lang='lat' dir='ltr'><strong>paternam</strong></span> <span class='ocrx_word' id='word_1_53' title='bbox 946 813 1053 878; x_wconf 89' lang='lat' dir='ltr'><strong>minus</strong></span> <span class='ocrx_word' id='word_1_54' title='bbox 1080 825 1236 896; x_wconf 89' lang='lat' dir='ltr'><strong>suspecto,</strong></span> <span class='ocrx_word' id='word_1_55' title='bbox 1254 814 1417 880; x_wconf 82' lang='lat' dir='ltr'><strong>Platorem</strong></span> 
     </span>
     <span class='ocr_line' id='line_1_8' title="bbox 347 897 1418 988; baseline 0.001 -23"><span class='ocrx_word' id='word_1_56' title='bbox 347 900 464 966; x_wconf 89' lang='lat' dir='ltr'><strong>occidit</strong></span> <span class='ocrx_word' id='word_1_57' title='bbox 477 913 510 965; x_wconf 91' lang='lat' dir='ltr'><strong>et</strong></span> <span class='ocrx_word' id='word_1_58' title='bbox 524 902 603 965; x_wconf 90' lang='lat' dir='ltr'><strong>duos</strong></span> <span class='ocrx_word' id='word_1_59' title='bbox 619 900 737 964; x_wconf 90' lang='lat' dir='ltr'><strong>amicos</strong></span> <span class='ocrx_word' id='word_1_60' title='bbox 752 901 828 986; x_wconf 84' lang='lat' dir='ltr'><strong>ejus,</strong></span> <span class='ocrx_word' id='word_1_61' title='bbox 848 897 1000 966; x_wconf 80' lang='lat' dir='ltr'><strong>Ettritum</strong></span> <span class='ocrx_word' id='word_1_62' title='bbox 1015 912 1047 962; x_wconf 90' lang='lat' dir='ltr'><strong>et</strong></span> <span class='ocrx_word' id='word_1_63' title='bbox 1064 897 1254 981; x_wconf 80' lang='lat' dir='ltr'><strong>Epicadum,</strong></span> <span class='ocrx_word' id='word_1_64' title='bbox 1271 900 1418 988; x_wconf 90' lang='lat' dir='ltr'><strong>inpigros</strong></span> 
     </span>
    </p>

    <p class='ocr_par' dir='ltr' id='par_1_4' title="bbox 347 984 1417 1074">
     <span class='ocr_line' id='line_1_9' title="bbox 347 984 1417 1074; baseline 0.003 -25"><span class='ocrx_word' id='word_1_65' title='bbox 347 986 441 1064; x_wconf 89' lang='lat' dir='ltr'><strong>viros,</strong></span> <span class='ocrx_word' id='word_1_66' title='bbox 458 1009 522 1074; x_wconf 91' lang='lat' dir='ltr'><strong>quo</strong></span> <span class='ocrx_word' id='word_1_67' title='bbox 544 986 642 1052; x_wconf 91' lang='lat' dir='ltr'><strong>tutius</strong></span> <span class='ocrx_word' id='word_1_68' title='bbox 664 998 820 1074; x_wconf 84' lang='lat' dir='ltr'><strong>regnaret.</strong></span> <span class='ocrx_word' id='word_1_69' title='bbox 867 985 967 1051; x_wconf 84' lang='lat' dir='ltr'><strong>Fama</strong></span> <span class='ocrx_word' id='word_1_70' title='bbox 986 984 1058 1061; x_wconf 81' lang='lat' dir='ltr'><strong>fuit,</strong></span> <span class='ocrx_word' id='word_1_71' title='bbox 1081 985 1220 1052; x_wconf 88' lang='lat' dir='ltr'><strong>Honuui</strong></span> <span class='ocrx_word' id='word_1_72' title='bbox 1241 987 1417 1053; x_wconf 84' lang='lat' dir='ltr'><strong>Dardano·</strong></span> 
     </span>
    </p>

    <p class='ocr_par' dir='ltr' id='par_1_5' title="bbox 347 1067 1416 1248">
     <span class='ocr_line' id='line_1_10' title="bbox 348 1067 1414 1160; baseline 0.002 -24"><span class='ocrx_word' id='word_1_73' title='bbox 348 1095 420 1138; x_wconf 90' lang='lat' dir='ltr'><strong>rum</strong></span> <span class='ocrx_word' id='word_1_74' title='bbox 445 1074 599 1160; x_wconf 88' lang='lat' dir='ltr'><strong>principis</strong></span> <span class='ocrx_word' id='word_1_75' title='bbox 624 1067 733 1138; x_wconf 42' lang='lat' dir='ltr'><strong>filiam*</strong></span> <span class='ocrx_word' id='word_1_76' title='bbox 751 1071 882 1138; x_wconf 84' lang='lat' dir='ltr'><strong>Etutam</strong></span> <span class='ocrx_word' id='word_1_77' title='bbox 912 1084 1007 1156; x_wconf 88' lang='lat' dir='ltr'><strong>pacto</strong></span> <span class='ocrx_word' id='word_1_78' title='bbox 1035 1071 1125 1136; x_wconf 87' lang='lat' dir='ltr'><strong>fratri</strong></span> <span class='ocrx_word' id='word_1_79' title='bbox 1152 1095 1228 1137; x_wconf 89' lang='lat' dir='ltr'><strong>eum</strong></span> <span class='ocrx_word' id='word_1_80' title='bbox 1254 1073 1414 1153; x_wconf 86' lang='lat' dir='ltr'><strong>invidisse,</strong></span> 
     </span>
     <span class='ocr_line' id='line_1_11' title="bbox 347 1158 1416 1248; baseline 0 -22"><span class='ocrx_word' id='word_1_81' title='bbox 347 1167 509 1248; x_wconf 82' lang='lat' dir='ltr'><strong>tamquam</strong></span> <span class='ocrx_word' id='word_1_82' title='bbox 532 1159 581 1225; x_wconf 90' lang='lat' dir='ltr'><strong>bis</strong></span> <span class='ocrx_word' id='word_1_83' title='bbox 602 1161 722 1246; x_wconf 86' lang='lat' dir='ltr'><strong>nuptiis</strong></span> <span class='ocrx_word' id='word_1_84' title='bbox 744 1158 929 1247; x_wconf 89' lang='lat' dir='ltr'><strong>adjungenti</strong></span> <span class='ocrx_word' id='word_1_85' title='bbox 949 1159 1010 1223; x_wconf 89' lang='lat' dir='ltr'><strong>sibi</strong></span> <span class='ocrx_word' id='word_1_86' title='bbox 1025 1158 1253 1225; x_wconf 86' lang='lat' dir='ltr'><strong>Dardanorum</strong></span> <span class='ocrx_word' id='word_1_87' title='bbox 1275 1165 1416 1248; x_wconf 84' lang='lat' dir='ltr'><strong>gentem.</strong></span> 
     </span>
    </p>

    <p class='ocr_par' dir='ltr' id='par_1_6' title="bbox 347 1245 1417 1334">
     <span class='ocr_line' id='line_1_12' title="bbox 347 1245 1417 1334; baseline 0.001 -22"><span class='ocrx_word' id='word_1_88' title='bbox 347 1258 380 1312; x_wconf 89' lang='lat' dir='ltr'><strong>et</strong></span> <span class='ocrx_word' id='word_1_89' title='bbox 401 1247 534 1313; x_wconf 89' lang='lat' dir='ltr'><strong>similius</strong></span> <span class='ocrx_word' id='word_1_90' title='bbox 555 1247 590 1311; x_wconf 90' lang='lat' dir='ltr'><strong>id</strong></span> <span class='ocrx_word' id='word_1_91' title='bbox 607 1269 681 1310; x_wconf 85' lang='lat' dir='ltr'><strong>vero</strong></span> <span class='ocrx_word' id='word_1_92' title='bbox 704 1245 778 1311; x_wconf 87' lang='lat' dir='ltr'><strong>fecit</strong></span> <span class='ocrx_word' id='word_1_93' title='bbox 802 1245 898 1311; x_wconf 90' lang='lat' dir='ltr'><strong>ducta</strong></span> <span class='ocrx_word' id='word_1_94' title='bbox 919 1269 957 1310; x_wconf 88' lang='lat' dir='ltr'><strong>ea</strong></span> <span class='ocrx_word' id='word_1_95' title='bbox 972 1245 1071 1334; x_wconf 88' lang='lat' dir='ltr'><strong>virgo,</strong></span> <span class='ocrx_word' id='word_1_96' title='bbox 1090 1245 1218 1311; x_wconf 87' lang='lat' dir='ltr'><strong>Platore</strong></span> <span class='ocrx_word' id='word_1_97' title='bbox 1239 1247 1417 1313; x_wconf 83' lang='lat' dir='ltr'><strong>interfecto.</strong></span> 
     </span>
    </p>

    <p class='ocr_par' dir='ltr' id='par_1_7' title="bbox 348 1331 1416 1420">
     <span class='ocr_line' id='line_1_13' title="bbox 348 1331 1416 1420; baseline 0 -20"><span class='ocrx_word' id='word_1_98' title='bbox 348 1333 464 1400; x_wconf 86' lang='lat' dir='ltr'><strong>Gravis</strong></span> <span class='ocrx_word' id='word_1_99' title='bbox 480 1333 606 1411; x_wconf 88' lang='lat' dir='ltr'><strong>deinde,</strong></span> <span class='ocrx_word' id='word_1_100' title='bbox 623 1333 731 1398; x_wconf 86' lang='lat' dir='ltr'><strong>demto</strong></span> <span class='ocrx_word' id='word_1_101' title='bbox 751 1332 856 1398; x_wconf 83' lang='lat' dir='ltr'><strong>fratris</strong></span> <span class='ocrx_word' id='word_1_102' title='bbox 878 1345 976 1409; x_wconf 88' lang='lat' dir='ltr'><strong>metu,</strong></span> <span class='ocrx_word' id='word_1_103' title='bbox 992 1331 1200 1417; x_wconf 89' lang='lat' dir='ltr'><strong>popularibus</strong></span> <span class='ocrx_word' id='word_1_104' title='bbox 1215 1355 1281 1398; x_wconf 89' lang='lat' dir='ltr'><strong>esse</strong></span> <span class='ocrx_word' id='word_1_105' title='bbox 1297 1336 1416 1420; x_wconf 89' lang='lat' dir='ltr'><strong>coepit:</strong></span> 
     </span>
    </p>

    <p class='ocr_par' dir='ltr' id='par_1_8' title="bbox 346 1419 1419 1508">
     <span class='ocr_line' id='line_1_14' title="bbox 346 1419 1419 1508; baseline 0.001 -24"><span class='ocrx_word' id='word_1_106' title='bbox 346 1433 379 1484; x_wconf 92' lang='lat' dir='ltr'><strong>et</strong></span> <span class='ocrx_word' id='word_1_107' title='bbox 393 1421 577 1504; x_wconf 83' lang='lat' dir='ltr'><strong>violentiam</strong></span> <span class='ocrx_word' id='word_1_108' title='bbox 601 1420 731 1485; x_wconf 88' lang='lat' dir='ltr'><strong>insitam</strong></span> <span class='ocrx_word' id='word_1_109' title='bbox 754 1419 884 1508; x_wconf 84' lang='lat' dir='ltr'><strong>ingenio</strong></span> <span class='ocrx_word' id='word_1_110' title='bbox 908 1419 1151 1505; x_wconf 84' lang='lat' dir='ltr'><strong>intemperantia</strong></span> <span class='ocrx_word' id='word_1_111' title='bbox 1172 1420 1237 1484; x_wconf 87' lang='lat' dir='ltr'><strong>vini</strong></span> <span class='ocrx_word' id='word_1_112' title='bbox 1262 1421 1419 1486; x_wconf 65' lang='lat' dir='ltr'><strong>amanda</strong></span> 
     </span>
    </p>

    <p class='ocr_par' dir='ltr' id='par_1_9' title="bbox 346 1505 1417 1583">
     <span class='ocr_line' id='line_1_15' title="bbox 346 1505 1417 1583; baseline 0.002 -13"><span class='ocrx_word' id='word_1_113' title='bbox 346 1507 412 1574; x_wconf 87' lang='lat' dir='ltr'><strong>bnt.</strong></span> <span class='ocrx_word' id='word_1_114' title='bbox 459 1507 618 1583; x_wconf 84' lang='lat' dir='ltr'><strong>Ceterum,</strong></span> <span class='ocrx_word' id='word_1_115' title='bbox 635 1506 716 1571; x_wconf 86' lang='lat' dir='ltr'><strong>sicut</strong></span> <span class='ocrx_word' id='word_1_116' title='bbox 736 1505 946 1572; x_wconf 87' lang='lat' dir='ltr'><strong>antedictum</strong></span> <span class='ocrx_word' id='word_1_117' title='bbox 965 1518 1022 1581; x_wconf 88' lang='lat' dir='ltr'><strong>est,</strong></span> <span class='ocrx_word' id='word_1_118' title='bbox 1039 1505 1079 1570; x_wconf 92' lang='lat' dir='ltr'><strong>ad</strong></span> <span class='ocrx_word' id='word_1_119' title='bbox 1098 1507 1279 1570; x_wconf 86' lang='lat' dir='ltr'><strong>Romanurn</strong></span> <span class='ocrx_word' id='word_1_120' title='bbox 1301 1505 1417 1572; x_wconf 91' lang='lat' dir='ltr'><strong>incita-</strong></span> 
     </span>
    </p>

    <p class='ocr_par' dir='ltr' id='par_1_10' title="bbox 347 1591 1418 1678">
     <span class='ocr_line' id='line_1_16' title="bbox 347 1591 1418 1678; baseline 0.001 -21"><span class='ocrx_word' id='word_1_121' title='bbox 347 1608 398 1658; x_wconf 88' lang='lat' dir='ltr'><strong>tus</strong></span> <span class='ocrx_word' id='word_1_122' title='bbox 412 1593 543 1671; x_wconf 93' lang='lat' dir='ltr'><strong>bellum,</strong></span> <span class='ocrx_word' id='word_1_123' title='bbox 560 1592 686 1658; x_wconf 85' lang='lat' dir='ltr'><strong>Lissum</strong></span> <span class='ocrx_word' id='word_1_124' title='bbox 705 1613 815 1657; x_wconf 88' lang='lat' dir='ltr'><strong>omnes</strong></span> <span class='ocrx_word' id='word_1_125' title='bbox 829 1595 936 1678; x_wconf 88' lang='lat' dir='ltr'><strong>copias</strong></span> <span class='ocrx_word' id='word_1_126' title='bbox 951 1591 1125 1658; x_wconf 86' lang='lat' dir='ltr'><strong>contraxit.</strong></span> <span class='ocrx_word' id='word_1_127' title='bbox 1147 1592 1329 1678; x_wconf 89' lang='lat' dir='ltr'><strong>quindecim</strong></span> <span class='ocrx_word' id='word_1_128' title='bbox 1344 1594 1418 1668; x_wconf 56' lang='lat' dir='ltr'><strong>mil-,</strong></span> 
     </span>
    </p>

    <p class='ocr_par' dir='ltr' id='par_1_11' title="bbox 347 1677 1418 1770">
     <span class='ocr_line' id='line_1_17' title="bbox 347 1677 1418 1770; baseline 0.001 -27"><span class='ocrx_word' id='word_1_129' title='bbox 347 1680 390 1745; x_wconf 89' lang='lat' dir='ltr'><strong>lia</strong></span> <span class='ocrx_word' id='word_1_130' title='bbox 415 1692 611 1746; x_wconf 85' lang='lat' dir='ltr'><strong>armatorum</strong></span> <span class='ocrx_word' id='word_1_131' title='bbox 636 1679 773 1744; x_wconf 86' lang='lat' dir='ltr'><strong>fuerunt.</strong></span> <span class='ocrx_word' id='word_1_132' title='bbox 819 1679 914 1755; x_wconf 89' lang='lat' dir='ltr'><strong>Inde,</strong></span> <span class='ocrx_word' id='word_1_133' title='bbox 932 1677 1029 1744; x_wconf 85' lang='lat' dir='ltr'><strong>fratre</strong></span> <span class='ocrx_word' id='word_1_134' title='bbox 1051 1681 1083 1743; x_wconf 93' lang='lat' dir='ltr'><strong>in</strong></span> <span class='ocrx_word' id='word_1_135' title='bbox 1107 1677 1312 1745; x_wconf 72' lang='lat' dir='ltr'><strong>⁶*Caviorum</strong></span> <span class='ocrx_word' id='word_1_136' title='bbox 1338 1704 1418 1770; x_wconf 83' lang='lat' dir='ltr'><strong>gen·</strong></span> 
     </span>
    </p>

    <p class='ocr_par' dir='ltr' id='par_1_12' title="bbox 346 1763 1418 2027">
     <span class='ocr_line' id='line_1_18' title="bbox 346 1763 1418 1854; baseline 0.002 -22"><span class='ocrx_word' id='word_1_137' title='bbox 346 1779 422 1846; x_wconf 92' lang='lat' dir='ltr'><strong>tem,</strong></span> <span class='ocrx_word' id='word_1_138' title='bbox 450 1767 481 1831; x_wconf 83' lang='lat' dir='ltr'><strong>vi</strong></span> <span class='ocrx_word' id='word_1_139' title='bbox 509 1780 565 1832; x_wconf 90' lang='lat' dir='ltr'><strong>aut</strong></span> <span class='ocrx_word' id='word_1_140' title='bbox 593 1779 716 1832; x_wconf 89' lang='lat' dir='ltr'><strong>terrore</strong></span> <span class='ocrx_word' id='word_1_141' title='bbox 743 1763 963 1854; x_wconf 84' lang='lat' dir='ltr'><strong>subigendam,</strong></span> <span class='ocrx_word' id='word_1_142' title='bbox 987 1789 1060 1831; x_wconf 89' lang='lat' dir='ltr'><strong>cum</strong></span> <span class='ocrx_word' id='word_1_143' title='bbox 1087 1763 1174 1830; x_wconf 89' lang='lat' dir='ltr'><strong>mille</strong></span> <span class='ocrx_word' id='word_1_144' title='bbox 1199 1766 1359 1852; x_wconf 85' lang='lat' dir='ltr'><strong>peditibus</strong></span> <span class='ocrx_word' id='word_1_145' title='bbox 1385 1785 1418 1834; x_wconf 88' lang='lat' dir='ltr'><strong>et</strong></span> 
     </span>
     <span class='ocr_line' id='line_1_19' title="bbox 346 1851 1417 1942; baseline 0.002 -24"><span class='ocrx_word' id='word_1_146' title='bbox 346 1855 579 1942; x_wconf 81' lang='lat' dir='ltr'><strong>quinquaginta</strong></span> <span class='ocrx_word' id='word_1_147' title='bbox 606 1853 765 1938; x_wconf 89' lang='lat' dir='ltr'><strong>equitibus</strong></span> <span class='ocrx_word' id='word_1_148' title='bbox 793 1853 899 1930; x_wconf 90' lang='lat' dir='ltr'><strong>misso,</strong></span> <span class='ocrx_word' id='word_1_149' title='bbox 926 1856 993 1938; x_wconf 86' lang='lat' dir='ltr'><strong>ipse</strong></span> <span class='ocrx_word' id='word_1_150' title='bbox 1021 1851 1062 1918; x_wconf 90' lang='lat' dir='ltr'><strong>ad</strong></span> <span class='ocrx_word' id='word_1_151' title='bbox 1088 1851 1273 1918; x_wconf 86' lang='lat' dir='ltr'><strong>Bassaniam</strong></span> <span class='ocrx_word' id='word_1_152' title='bbox 1303 1854 1417 1920; x_wconf 90' lang='lat' dir='ltr'><strong>urbem</strong></span> 
     </span>
     <span class='ocr_line' id='line_1_20' title="bbox 347 1939 1416 2027; baseline 0.001 -21"><span class='ocrx_word' id='word_1_153' title='bbox 347 1941 489 2027; x_wconf 91' lang='lat' dir='ltr'><strong>quinque</strong></span> <span class='ocrx_word' id='word_1_154' title='bbox 513 1939 613 2006; x_wconf 91' lang='lat' dir='ltr'><strong>millia</strong></span> <span class='ocrx_word' id='word_1_155' title='bbox 635 1940 675 2003; x_wconf 88' lang='lat' dir='ltr'><strong>ab</strong></span> <span class='ocrx_word' id='word_1_156' title='bbox 696 1939 788 2005; x_wconf 90' lang='lat' dir='ltr'><strong>Lisso</strong></span> <span class='ocrx_word' id='word_1_157' title='bbox 810 1939 908 2005; x_wconf 85' lang='lat' dir='ltr'><strong>ducit.</strong></span> <span class='ocrx_word' id='word_1_158' title='bbox 954 1939 1040 2005; x_wconf 91' lang='lat' dir='ltr'><strong>Socii</strong></span> <span class='ocrx_word' id='word_1_159' title='bbox 1065 1951 1157 2004; x_wconf 87' lang='lat' dir='ltr'><strong>erant</strong></span> <span class='ocrx_word' id='word_1_160' title='bbox 1183 1940 1416 2007; x_wconf 88' lang='lat' dir='ltr'><strong>Romanorum.</strong></span> 
     </span>
    </p>

    <p class='ocr_par' dir='ltr' id='par_1_13' title="bbox 346 2025 1416 2114">
     <span class='ocr_line' id='line_1_21' title="bbox 346 2025 1416 2114; baseline 0.002 -24"><span class='ocrx_word' id='word_1_161' title='bbox 346 2027 454 2114; x_wconf 86' lang='lat' dir='ltr'><strong>itaque</strong></span> <span class='ocrx_word' id='word_1_162' title='bbox 481 2049 539 2113; x_wconf 90' lang='lat' dir='ltr'><strong>per</strong></span> <span class='ocrx_word' id='word_1_163' title='bbox 564 2025 676 2092; x_wconf 88' lang='lat' dir='ltr'><strong>missos</strong></span> <span class='ocrx_word' id='word_1_164' title='bbox 698 2027 831 2092; x_wconf 90' lang='lat' dir='ltr'><strong>nuncios</strong></span> <span class='ocrx_word' id='word_1_165' title='bbox 856 2029 945 2112; x_wconf 88' lang='lat' dir='ltr'><strong>prins</strong></span> <span class='ocrx_word' id='word_1_166' title='bbox 966 2026 1088 2104; x_wconf 87' lang='lat' dir='ltr'><strong>tentati,</strong></span> <span class='ocrx_word' id='word_1_167' title='bbox 1115 2025 1312 2093; x_wconf 89' lang='lat' dir='ltr'><strong>obsidionem</strong></span> <span class='ocrx_word' id='word_1_168' title='bbox 1338 2029 1416 2114; x_wconf 89' lang='lat' dir='ltr'><strong>pati,</strong></span> 
     </span>
    </p>

    <p class='ocr_par' dir='ltr' id='par_1_14' title="bbox 324 2111 1417 2288">
     <span class='ocr_line' id='line_1_22' title="bbox 324 2111 1416 2198; baseline 0.001 -20"><span class='ocrx_word' id='word_1_169' title='bbox 324 2133 443 2198; x_wconf 21' lang='lat' dir='ltr'><strong>,quam</strong></span> <span class='ocrx_word' id='word_1_170' title='bbox 480 2113 598 2180; x_wconf 86' lang='lat' dir='ltr'><strong>dedere</strong></span> <span class='ocrx_word' id='word_1_171' title='bbox 634 2135 711 2192; x_wconf 88' lang='lat' dir='ltr'><strong>sese,</strong></span> <span class='ocrx_word' id='word_1_172' title='bbox 747 2113 936 2180; x_wconf 87' lang='lat' dir='ltr'><strong>maluerunt.</strong></span> <span class='ocrx_word' id='word_1_173' title='bbox 982 2111 1209 2198; x_wconf 83' lang='lat' dir='ltr'><strong>Caravantium</strong></span> <span class='ocrx_word' id='word_1_174' title='bbox 1247 2115 1280 2178; x_wconf 92' lang='lat' dir='ltr'><strong>in</strong></span> <span class='ocrx_word' id='word_1_175' title='bbox 1307 2114 1416 2180; x_wconf 86' lang='lat' dir='ltr'><strong>Caviis</strong></span> 
     </span>
     <span class='ocr_line' id='line_1_23' title="bbox 346 2197 1417 2288; baseline -0.002 -21"><span class='ocrx_word' id='word_1_176' title='bbox 346 2201 547 2267; x_wconf 81' lang='lat' dir='ltr'><strong>⁶⁵Durnium</strong></span> <span class='ocrx_word' id='word_1_177' title='bbox 569 2199 724 2287; x_wconf 90' lang='lat' dir='ltr'><strong>oppidum</strong></span> <span class='ocrx_word' id='word_1_178' title='bbox 748 2200 967 2282; x_wconf 80' lang='lat' dir='ltr'><strong>advenientem</strong></span> <span class='ocrx_word' id='word_1_179' title='bbox 991 2197 1128 2288; x_wconf 90' lang='lat' dir='ltr'><strong>benigne</strong></span> <span class='ocrx_word' id='word_1_180' title='bbox 1150 2201 1290 2287; x_wconf 87' lang='lat' dir='ltr'><strong>accepit:</strong></span> <span class='ocrx_word' id='word_1_181' title='bbox 1317 2200 1417 2284; x_wconf 84' lang='lat' dir='ltr'><strong>Cara·</strong></span> 
     </span>
    </p>

    <p class='ocr_par' dir='ltr' id='par_1_15' title="bbox 345 2287 1418 2461">
     <span class='ocr_line' id='line_1_24' title="bbox 345 2287 1418 2374; baseline 0.005 -25"><span class='ocrx_word' id='word_1_182' title='bbox 345 2290 447 2354; x_wconf 80' lang='lat' dir='ltr'><strong>ventis</strong></span> <span class='ocrx_word' id='word_1_183' title='bbox 472 2288 571 2353; x_wconf 86' lang='lat' dir='ltr'><strong>altera</strong></span> <span class='ocrx_word' id='word_1_184' title='bbox 597 2287 673 2352; x_wconf 90' lang='lat' dir='ltr'><strong>urbs</strong></span> <span class='ocrx_word' id='word_1_185' title='bbox 699 2287 844 2352; x_wconf 86' lang='lat' dir='ltr'><strong>exclusit.</strong></span> <span class='ocrx_word' id='word_1_186' title='bbox 874 2292 916 2362; x_wconf 80' lang='lat' dir='ltr'><strong>et,</strong></span> <span class='ocrx_word' id='word_1_187' title='bbox 941 2307 1039 2372; x_wconf 88' lang='lat' dir='ltr'><strong>quum</strong></span> <span class='ocrx_word' id='word_1_188' title='bbox 1063 2307 1157 2374; x_wconf 87' lang='lat' dir='ltr'><strong>agros</strong></span> <span class='ocrx_word' id='word_1_189' title='bbox 1182 2309 1292 2352; x_wconf 85' lang='lat' dir='ltr'><strong>eorum</strong></span> <span class='ocrx_word' id='word_1_190' title='bbox 1319 2287 1418 2354; x_wconf 85' lang='lat' dir='ltr'><strong>effuse</strong></span> 
     </span>
     <span class='ocr_line' id='line_1_25' title="bbox 346 2373 1418 2461; baseline 0.005 -25"><span class='ocrx_word' id='word_1_191' title='bbox 346 2384 492 2450; x_wconf 83' lang='lat' dir='ltr'><strong>vastaret,</strong></span> <span class='ocrx_word' id='word_1_192' title='bbox 509 2374 632 2461; x_wconf 90' lang='lat' dir='ltr'><strong>aliquot</strong></span> <span class='ocrx_word' id='word_1_193' title='bbox 652 2373 750 2460; x_wconf 88' lang='lat' dir='ltr'><strong>palati</strong></span> <span class='ocrx_word' id='word_1_194' title='bbox 764 2374 879 2439; x_wconf 89' lang='lat' dir='ltr'><strong>milites</strong></span> <span class='ocrx_word' id='word_1_195' title='bbox 937 2374 1065 2436; x_wconf 90' lang='lat' dir='ltr'><strong>restium</strong></span> <span class='ocrx_word' id='word_1_196' title='bbox 1081 2393 1237 2438; x_wconf 89' lang='lat' dir='ltr'><strong>concursu</strong></span> <span class='ocrx_word' id='word_1_197' title='bbox 1258 2374 1418 2441; x_wconf 85' lang='lat' dir='ltr'><strong>interfecti</strong></span> 
     </span>
    </p>
   </div>
   <div class='ocr_carea' id='block_1_3' title="bbox 346 2457 1418 2719">
    <p class='ocr_par' dir='ltr' id='par_1_16' title="bbox 346 2457 1418 2719">
     <span class='ocr_line' id='line_1_26' title="bbox 346 2457 1417 2549; baseline 0 -23"><span class='ocrx_word' id='word_1_198' title='bbox 346 2457 445 2528; x_wconf 81' lang='lat' dir='ltr'><strong>sunt&#39;</strong></span> <span class='ocrx_word' id='word_1_199' title='bbox 474 2461 549 2526; x_wconf 87' lang='lat' dir='ltr'><strong>Jam</strong></span> <span class='ocrx_word' id='word_1_200' title='bbox 570 2472 602 2526; x_wconf 90' lang='lat' dir='ltr'><strong>et</strong></span> <span class='ocrx_word' id='word_1_201' title='bbox 623 2462 689 2545; x_wconf 83' lang='lat' dir='ltr'><strong>Ap.</strong></span> <span class='ocrx_word' id='word_1_202' title='bbox 705 2459 907 2541; x_wconf 85' lang='lat' dir='ltr'><strong>Claudius,a</strong></span> <span class='ocrx_word' id='word_1_203' title='bbox 930 2459 1040 2524; x_wconf 87' lang='lat' dir='ltr'><strong>sumtis</strong></span> <span class='ocrx_word' id='word_1_204' title='bbox 1063 2459 1104 2524; x_wconf 89' lang='lat' dir='ltr'><strong>ad</strong></span> <span class='ocrx_word' id='word_1_205' title='bbox 1128 2481 1201 2526; x_wconf 89' lang='lat' dir='ltr'><strong>eum</strong></span> <span class='ocrx_word' id='word_1_206' title='bbox 1225 2461 1417 2549; x_wconf 83' lang='lat' dir='ltr'><strong>exercitum,</strong></span> 
     </span>
     <span class='ocr_line' id='line_1_27' title="bbox 369 2545 1418 2634; baseline 0 -20"><span class='ocrx_word' id='word_1_207' title='bbox 369 2570 442 2614; x_wconf 91' lang='lat' dir='ltr'><strong>uem</strong></span> <span class='ocrx_word' id='word_1_208' title='bbox 463 2546 612 2626; x_wconf 88' lang='lat' dir='ltr'><strong>habebat,</strong></span> <span class='ocrx_word' id='word_1_209' title='bbox 634 2547 877 2626; x_wconf 52' lang='lat' dir='ltr'><strong>&amp;Bullinorum</strong></span> <span class='ocrx_word' id='word_1_210' title='bbox 901 2559 933 2612; x_wconf 88' lang='lat' dir='ltr'><strong>et</strong></span> <span class='ocrx_word' id='word_1_211' title='bbox 956 2545 1220 2631; x_wconf 85' lang='lat' dir='ltr'><strong>Apolloniatium,</strong></span> <span class='ocrx_word' id='word_1_212' title='bbox 1236 2559 1268 2612; x_wconf 91' lang='lat' dir='ltr'><strong>et</strong></span> <span class='ocrx_word' id='word_1_213' title='bbox 1291 2548 1418 2634; x_wconf 86' lang='lat' dir='ltr'><strong>Dyrra·</strong></span> 
     </span>
     <span class='ocr_line' id='line_1_28' title="bbox 346 2631 1415 2719; baseline 0.002 -19"><span class='ocrx_word' id='word_1_214' title='bbox 346 2657 363 2700; x_wconf 92' lang='lat' dir='ltr'><strong>c</strong></span> <span class='ocrx_word' id='word_1_215' title='bbox 387 2636 515 2700; x_wconf 86' lang='lat' dir='ltr'><strong>inarum</strong></span> <span class='ocrx_word' id='word_1_216' title='bbox 529 2633 668 2714; x_wconf 87' lang='lat' dir='ltr'><strong>auxiliis,</strong></span> <span class='ocrx_word' id='word_1_217' title='bbox 683 2633 843 2719; x_wconf 86' lang='lat' dir='ltr'><strong>profectus</strong></span> <span class='ocrx_word' id='word_1_218' title='bbox 857 2655 899 2700; x_wconf 88' lang='lat' dir='ltr'><strong>ex</strong></span> <span class='ocrx_word' id='word_1_219' title='bbox 923 2631 1074 2710; x_wconf 87' lang='lat' dir='ltr'><strong>bibernis,</strong></span> <span class='ocrx_word' id='word_1_220' title='bbox 1090 2631 1209 2699; x_wconf 78' lang='lat' dir='ltr'><strong>⁶⁷circa</strong></span> <span class='ocrx_word' id='word_1_221' title='bbox 1224 2633 1415 2702; x_wconf 89' lang='lat' dir='ltr'><strong>Genusuum</strong></span> 
     </span>
    </p>
   </div>
   <div class='ocr_carea' id='block_1_4' title="bbox 253 2789 1421 4474">
    <p class='ocr_par' dir='ltr' id='par_1_17' title="bbox 286 2789 1421 3759">
     <span class='ocr_line' id='line_1_29' title="bbox 344 2789 1420 2854; baseline 0.003 -15"><span class='ocrx_word' id='word_1_222' title='bbox 344 2793 381 2839; x_wconf 85' lang='lat' dir='ltr'><strong>tio</strong></span> <span class='ocrx_word' id='word_1_223' title='bbox 392 2792 483 2840; x_wconf 83' lang='lat' dir='ltr'><strong>mensis</strong></span> <span class='ocrx_word' id='word_1_224' title='bbox 495 2792 585 2854; x_wconf 83' lang='lat' dir='ltr'><strong>Aprilis</strong></span> <span class='ocrx_word' id='word_1_225' title='bbox 594 2791 718 2853; x_wconf 83' lang='lat' dir='ltr'><strong>profectus</strong></span> <span class='ocrx_word' id='word_1_226' title='bbox 728 2797 780 2840; x_wconf 87' lang='lat' dir='ltr'><strong>erat</strong></span> <span class='ocrx_word' id='word_1_227' title='bbox 788 2789 865 2840; x_wconf 79' lang='lat' dir='ltr'><strong>dimi·</strong></span> <span class='ocrx_word' id='word_1_228' title='bbox 896 2791 999 2852; x_wconf 78' lang='lat' dir='ltr'><strong>repsisse</strong></span> <span class='ocrx_word' id='word_1_229' title='bbox 1017 2796 1098 2852; x_wconf 84' lang='lat' dir='ltr'><strong>putat,</strong></span> <span class='ocrx_word' id='word_1_230' title='bbox 1111 2795 1137 2839; x_wconf 85' lang='lat' dir='ltr'><strong>et</strong></span> <span class='ocrx_word' id='word_1_231' title='bbox 1152 2801 1197 2852; x_wconf 86' lang='lat' dir='ltr'><strong>pro</strong></span> <span class='ocrx_word' id='word_1_232' title='bbox 1213 2790 1300 2838; x_wconf 82' lang='lat' dir='ltr'><strong>Noads&#39;</strong></span> <span class='ocrx_word' id='word_1_233' title='bbox 1314 2791 1420 2854; x_wconf 78' lang='lat' dir='ltr'><strong>Septem-</strong></span> 
     </span>
     <span class='ocr_line' id='line_1_30' title="bbox 344 2857 1418 2918; baseline 0.002 -14"><span class='ocrx_word' id='word_1_234' title='bbox 344 2859 407 2905; x_wconf 82' lang='lat' dir='ltr'><strong>lius:</strong></span> <span class='ocrx_word' id='word_1_235' title='bbox 421 2871 522 2918; x_wconf 87' lang='lat' dir='ltr'><strong>suprac.</strong></span> <span class='ocrx_word' id='word_1_236' title='bbox 530 2857 570 2906; x_wconf 80' lang='lat'><strong>22.</strong></span> <span class='ocrx_word' id='word_1_237' title='bbox 581 2857 708 2912; x_wconf 81' lang='lat' dir='ltr'><strong>Quomodo</strong></span> <span class='ocrx_word' id='word_1_238' title='bbox 719 2859 794 2917; x_wconf 84' lang='lat' dir='ltr'><strong>igitur</strong></span> <span class='ocrx_word' id='word_1_239' title='bbox 802 2858 865 2904; x_wconf 89' lang='lat' dir='ltr'><strong>veris</strong></span> <span class='ocrx_word' id='word_1_240' title='bbox 896 2857 946 2902; x_wconf 78' lang='lat' dir='ltr'><strong>ires</strong></span> <span class='ocrx_word' id='word_1_241' title='bbox 973 2857 1105 2917; x_wconf 85' lang='lat' dir='ltr'><strong>legendum</strong></span> <span class='ocrx_word' id='word_1_242' title='bbox 1132 2870 1184 2903; x_wconf 88' lang='lat' dir='ltr'><strong>esse</strong></span> <span class='ocrx_word' id='word_1_243' title='bbox 1205 2857 1288 2903; x_wconf 77' lang='lat' dir='ltr'><strong>Nouos</strong></span> <span class='ocrx_word' id='word_1_244' title='bbox 1310 2858 1418 2906; x_wconf 66' lang='lat' dir='ltr'><strong>Sextiles.</strong></span> 
     </span>
     <span class='ocr_line' id='line_1_31' title="bbox 343 2921 1419 2983; baseline 0.002 -15"><span class='ocrx_word' id='word_1_245' title='bbox 343 2923 463 2982; x_wconf 89' lang='lat' dir='ltr'><strong>principio</strong></span> <span class='ocrx_word' id='word_1_246' title='bbox 479 2923 505 2969; x_wconf 90' lang='lat' dir='ltr'><strong>in</strong></span> <span class='ocrx_word' id='word_1_247' title='bbox 522 2922 672 2983; x_wconf 80' lang='lat' dir='ltr'><strong>provinciam</strong></span> <span class='ocrx_word' id='word_1_248' title='bbox 683 2922 769 2968; x_wconf 77' lang='lat' dir='ltr'><strong>reniti</strong></span> <span class='ocrx_word' id='word_1_249' title='bbox 785 2921 866 2982; x_wconf 91' lang='lat' dir='ltr'><strong>inquit</strong></span> <span class='ocrx_word' id='word_1_250' title='bbox 899 2921 931 2968; x_wconf 90' lang='lat' dir='ltr'><strong>Ut</strong></span> <span class='ocrx_word' id='word_1_251' title='bbox 942 2927 970 2968; x_wconf 91' lang='lat' dir='ltr'><strong>ut</strong></span> <span class='ocrx_word' id='word_1_252' title='bbox 986 2922 1027 2975; x_wconf 87' lang='lat' dir='ltr'><strong>sit,</strong></span> <span class='ocrx_word' id='word_1_253' title='bbox 1038 2921 1182 2982; x_wconf 77' lang='lat' dir='ltr'><strong>intelligitur</strong></span> <span class='ocrx_word' id='word_1_254' title='bbox 1190 2922 1312 2982; x_wconf 90' lang='lat' dir='ltr'><strong>quomodo</strong></span> <span class='ocrx_word' id='word_1_255' title='bbox 1322 2923 1419 2970; x_wconf 76' lang='lat' dir='ltr'><strong>AEmili·</strong></span> 
     </span>
     <span class='ocr_line' id='line_1_32' title="bbox 286 2985 1419 3048; baseline 0.002 -15"><span class='ocrx_word' id='word_1_256' title='bbox 286 2994 291 3001; x_wconf 79' lang='grc'><strong><em>’</em></strong></span> <span class='ocrx_word' id='word_1_257' title='bbox 344 2987 489 3034; x_wconf 77' lang='lat' dir='ltr'><strong>Gmnoviua</strong></span> <span class='ocrx_word' id='word_1_258' title='bbox 522 2986 595 3034; x_wconf 87' lang='lat' dir='ltr'><strong>Veris</strong></span> <span class='ocrx_word' id='word_1_259' title='bbox 616 2986 683 3034; x_wconf 90' lang='lat' dir='ltr'><strong>enim</strong></span> <span class='ocrx_word' id='word_1_260' title='bbox 704 2986 804 3032; x_wconf 88' lang='lat' dir='ltr'><strong>initium</strong></span> <span class='ocrx_word' id='word_1_261' title='bbox 825 2999 867 3033; x_wconf 83' lang='lat' dir='ltr'><strong>au·</strong></span> <span class='ocrx_word' id='word_1_262' title='bbox 898 2985 1419 3048; x_wconf 81' lang='lat' dir='ltr'><strong>usKalendisAprilibusprotectus,princi·</strong></span> 
     </span>
     <span class='ocr_line' id='line_1_33' title="bbox 343 3050 1419 3110; baseline 0.002 -13"><span class='ocrx_word' id='word_1_263' title='bbox 343 3053 445 3098; x_wconf 85' lang='lat' dir='ltr'><strong>mebant</strong></span> <span class='ocrx_word' id='word_1_264' title='bbox 461 3056 555 3099; x_wconf 86' lang='lat' dir='ltr'><strong>veteres</strong></span> <span class='ocrx_word' id='word_1_265' title='bbox 571 3065 586 3099; x_wconf 78' lang='lat' dir='ltr'><strong>a</strong></span> <span class='ocrx_word' id='word_1_266' title='bbox 603 3050 642 3099; x_wconf 87' lang='lat' dir='ltr'><strong>die</strong></span> <span class='ocrx_word' id='word_1_267' title='bbox 656 3051 680 3098; x_wconf 78' lang='lat' dir='ltr'><strong>i.</strong></span> <span class='ocrx_word' id='word_1_268' title='bbox 696 3052 736 3098; x_wconf 92' lang='lat' dir='ltr'><strong>vel</strong></span> <span class='ocrx_word' id='word_1_269' title='bbox 751 3050 775 3100; x_wconf 84' lang='grc'><strong>8.</strong></span> <span class='ocrx_word' id='word_1_270' title='bbox 792 3053 830 3098; x_wconf 84' lang='lat' dir='ltr'><strong>vel</strong></span> <span class='ocrx_word' id='word_1_271' title='bbox 842 3052 865 3098; x_wconf 84' lang='lat'><strong>9.</strong></span> <span class='ocrx_word' id='word_1_272' title='bbox 898 3051 939 3110; x_wconf 92' lang='lat' dir='ltr'><strong>pio</strong></span> <span class='ocrx_word' id='word_1_273' title='bbox 950 3056 1032 3096; x_wconf 82' lang='lat' dir='ltr'><strong>tamen</strong></span> <span class='ocrx_word' id='word_1_274' title='bbox 1045 3051 1107 3096; x_wconf 87' lang='lat' dir='ltr'><strong>veris</strong></span> <span class='ocrx_word' id='word_1_275' title='bbox 1117 3051 1144 3096; x_wconf 94' lang='lat' dir='ltr'><strong>in</strong></span> <span class='ocrx_word' id='word_1_276' title='bbox 1155 3050 1304 3110; x_wconf 89' lang='lat' dir='ltr'><strong>provinciam</strong></span> <span class='ocrx_word' id='word_1_277' title='bbox 1316 3053 1419 3100; x_wconf 86' lang='lat' dir='ltr'><strong>venerit.</strong></span> 
     </span>
     <span class='ocr_line' id='line_1_34' title="bbox 344 3114 1419 3176; baseline 0.002 -14"><span class='ocrx_word' id='word_1_278' title='bbox 344 3115 477 3164; x_wconf 82' lang='lat' dir='ltr'><strong>Februarii.</strong></span> <span class='ocrx_word' id='word_1_279' title='bbox 494 3116 621 3164; x_wconf 83' lang='lat' dir='ltr'><strong>Nimirum</strong></span> <span class='ocrx_word' id='word_1_280' title='bbox 632 3114 671 3162; x_wconf 90' lang='lat' dir='ltr'><strong>bic</strong></span> <span class='ocrx_word' id='word_1_281' title='bbox 682 3123 794 3163; x_wconf 86' lang='lat' dir='ltr'><strong>annuset</strong></span> <span class='ocrx_word' id='word_1_282' title='bbox 805 3129 867 3176; x_wconf 83' lang='lat' dir='ltr'><strong>prae-</strong></span> <span class='ocrx_word' id='word_1_283' title='bbox 899 3115 939 3160; x_wconf 86' lang='lat' dir='ltr'><strong>Ex</strong></span> <span class='ocrx_word' id='word_1_284' title='bbox 958 3114 1073 3162; x_wconf 89' lang='lat' dir='ltr'><strong>Bullialdi</strong></span> <span class='ocrx_word' id='word_1_285' title='bbox 1095 3117 1222 3168; x_wconf 84' lang='lat' dir='ltr'><strong>sententia.</strong></span> <span class='ocrx_word' id='word_1_286' title='bbox 1242 3117 1296 3175; x_wconf 81' lang='lat' dir='ltr'><strong>ipsc</strong></span> <span class='ocrx_word' id='word_1_287' title='bbox 1317 3117 1419 3164; x_wconf 83' lang='lat' dir='ltr'><strong>ineunte</strong></span> 
     </span>
     <span class='ocr_line' id='line_1_35' title="bbox 343 3181 1420 3242; baseline 0.001 -15"><span class='ocrx_word' id='word_1_288' title='bbox 343 3182 457 3228; x_wconf 86' lang='lat' dir='ltr'><strong>cedentes</strong></span> <span class='ocrx_word' id='word_1_289' title='bbox 467 3183 560 3242; x_wconf 76' lang='lat' dir='ltr'><strong>aliquot</strong></span> <span class='ocrx_word' id='word_1_290' title='bbox 572 3182 642 3228; x_wconf 86' lang='lat' dir='ltr'><strong>valde</strong></span> <span class='ocrx_word' id='word_1_291' title='bbox 652 3181 731 3228; x_wconf 86' lang='lat' dir='ltr'><strong>luxnti</strong></span> <span class='ocrx_word' id='word_1_292' title='bbox 743 3182 865 3228; x_wconf 77' lang='lat' dir='ltr'><strong>literanis</strong></span> <span class='ocrx_word' id='word_1_293' title='bbox 897 3184 1076 3235; x_wconf 66' lang='lat' dir='ltr'><strong>verentium</strong></span> <span class='ocrx_word' id='word_1_294' title='bbox 1095 3181 1303 3238; x_wconf 80' lang='lat' dir='ltr'><strong>numerabant‚in</strong></span> <span class='ocrx_word' id='word_1_295' title='bbox 1320 3182 1420 3241; x_wconf 79' lang='lat' dir='ltr'><strong>provin·</strong></span> 
     </span>
     <span class='ocr_line' id='line_1_36' title="bbox 343 3243 1420 3306; baseline 0.002 -14"><span class='ocrx_word' id='word_1_296' title='bbox 343 3245 461 3293; x_wconf 78' lang='lat' dir='ltr'><strong>Romanis</strong></span> <span class='ocrx_word' id='word_1_297' title='bbox 482 3246 648 3306; x_wconf 88' lang='lat' dir='ltr'><strong>pontificibus,</strong></span> <span class='ocrx_word' id='word_1_298' title='bbox 667 3253 697 3293; x_wconf 89' lang='lat' dir='ltr'><strong>ut</strong></span> <span class='ocrx_word' id='word_1_299' title='bbox 717 3251 813 3293; x_wconf 87' lang='lat' dir='ltr'><strong>constat</strong></span> <span class='ocrx_word' id='word_1_300' title='bbox 834 3260 865 3293; x_wconf 85' lang='lat' dir='ltr'><strong>ex</strong></span> <span class='ocrx_word' id='word_1_301' title='bbox 897 3244 961 3292; x_wconf 84' lang='lat' dir='ltr'><strong>ciam</strong></span> <span class='ocrx_word' id='word_1_302' title='bbox 978 3243 1085 3298; x_wconf 67' lang='lat' dir='ltr'><strong>veneriis</strong></span> <span class='ocrx_word' id='word_1_303' title='bbox 1103 3257 1134 3292; x_wconf 83' lang='lat' dir='ltr'><strong>ex</strong></span> <span class='ocrx_word' id='word_1_304' title='bbox 1150 3245 1279 3304; x_wconf 87' lang='lat' dir='ltr'><strong>Dodwelli,</strong></span> <span class='ocrx_word' id='word_1_305' title='bbox 1295 3246 1366 3293; x_wconf 89' lang='lat' dir='ltr'><strong>initio</strong></span> <span class='ocrx_word' id='word_1_306' title='bbox 1382 3260 1420 3294; x_wconf 85' lang='lat' dir='ltr'><strong>se-</strong></span> 
     </span>
     <span class='ocr_line' id='line_1_37' title="bbox 342 3308 1159 3371; baseline -0.002 -14"><span class='ocrx_word' id='word_1_307' title='bbox 342 3311 400 3357; x_wconf 87' lang='lat' dir='ltr'><strong>solis</strong></span> <span class='ocrx_word' id='word_1_308' title='bbox 416 3312 522 3366; x_wconf 83' lang='lat' dir='ltr'><strong>defectu,</strong></span> <span class='ocrx_word' id='word_1_309' title='bbox 534 3311 564 3357; x_wconf 93' lang='lat' dir='ltr'><strong>de</strong></span> <span class='ocrx_word' id='word_1_310' title='bbox 580 3324 629 3371; x_wconf 92' lang='lat' dir='ltr'><strong>quo</strong></span> <span class='ocrx_word' id='word_1_311' title='bbox 645 3311 738 3358; x_wconf 90' lang='lat' dir='ltr'><strong>mentio</strong></span> <span class='ocrx_word' id='word_1_312' title='bbox 755 3312 782 3357; x_wconf 82' lang='lat' dir='ltr'><strong>dt</strong></span> <span class='ocrx_word' id='word_1_313' title='bbox 801 3311 865 3358; x_wconf 84' lang='lat' dir='ltr'><strong>infra</strong></span> <span class='ocrx_word' id='word_1_314' title='bbox 897 3309 971 3355; x_wconf 87' lang='lat' dir='ltr'><strong>cundi</strong></span> <span class='ocrx_word' id='word_1_315' title='bbox 982 3308 1073 3354; x_wconf 86' lang='lat' dir='ltr'><strong>mensis</strong></span> <span class='ocrx_word' id='word_1_316' title='bbox 1084 3310 1159 3355; x_wconf 79' lang='lat' dir='ltr'><strong>narni.</strong></span> 
     </span>
     <span class='ocr_line' id='line_1_38' title="bbox 342 3370 1421 3438; baseline 0.001 -16"><span class='ocrx_word' id='word_1_317' title='bbox 342 3389 363 3422; x_wconf 89' lang='lat' dir='ltr'><strong>c.</strong></span> <span class='ocrx_word' id='word_1_318' title='bbox 376 3370 416 3422; x_wconf 81' lang='grc'><strong>37.</strong></span> <span class='ocrx_word' id='word_1_319' title='bbox 434 3375 479 3422; x_wconf 91' lang='lat' dir='ltr'><strong>ille</strong></span> <span class='ocrx_word' id='word_1_320' title='bbox 495 3376 562 3422; x_wconf 91' lang='lat' dir='ltr'><strong>enim</strong></span> <span class='ocrx_word' id='word_1_321' title='bbox 581 3377 685 3422; x_wconf 82' lang='lat' dir='ltr'><strong>refertur</strong></span> <span class='ocrx_word' id='word_1_322' title='bbox 696 3388 711 3422; x_wconf 87' lang='lat' dir='ltr'><strong>a</strong></span> <span class='ocrx_word' id='word_1_323' title='bbox 723 3373 794 3422; x_wconf 80' lang='lat' dir='ltr'><strong>Livio</strong></span> <span class='ocrx_word' id='word_1_324' title='bbox 804 3376 829 3421; x_wconf 87' lang='lat' dir='ltr'><strong>in</strong></span> <span class='ocrx_word' id='word_1_325' title='bbox 842 3390 865 3424; x_wconf 85' lang='lat' dir='ltr'><strong>a.</strong></span> <span class='ocrx_word' id='word_1_326' title='bbox 930 3372 963 3420; x_wconf 78' lang='lat'><strong>64</strong></span> <span class='ocrx_word' id='word_1_327' title='bbox 980 3370 1119 3436; x_wconf 78' lang='lat' dir='ltr'><strong>Caviorum]</strong></span> <span class='ocrx_word' id='word_1_328' title='bbox 1140 3375 1195 3422; x_wconf 90' lang='lat' dir='ltr'><strong>Hoc</strong></span> <span class='ocrx_word' id='word_1_329' title='bbox 1214 3387 1303 3421; x_wconf 89' lang='lat' dir='ltr'><strong>nomen</strong></span> <span class='ocrx_word' id='word_1_330' title='bbox 1321 3389 1421 3438; x_wconf 86' lang='lat' dir='ltr'><strong>corrup·</strong></span> 
     </span>
     <span class='ocr_line' id='line_1_39' title="bbox 342 3438 1420 3503; baseline 0.001 -16"><span class='ocrx_word' id='word_1_331' title='bbox 342 3441 366 3487; x_wconf 89' lang='lat' dir='ltr'><strong>d.</strong></span> <span class='ocrx_word' id='word_1_332' title='bbox 380 3440 430 3487; x_wconf 88' lang='lat'>111.</span> <span class='ocrx_word' id='word_1_333' title='bbox 448 3440 533 3487; x_wconf 85' lang='lat' dir='ltr'><strong>Nonas</strong></span> <span class='ocrx_word' id='word_1_334' title='bbox 550 3440 713 3500; x_wconf 78' lang='lat' dir='ltr'><strong>Septembres,</strong></span> <span class='ocrx_word' id='word_1_335' title='bbox 730 3453 808 3501; x_wconf 89' lang='lat' dir='ltr'><strong>quum</strong></span> <span class='ocrx_word' id='word_1_336' title='bbox 827 3454 865 3487; x_wconf 87' lang='lat' dir='ltr'><strong>re-</strong></span> <span class='ocrx_word' id='word_1_337' title='bbox 897 3443 952 3484; x_wconf 89' lang='lat' dir='ltr'><strong>tum</strong></span> <span class='ocrx_word' id='word_1_338' title='bbox 963 3451 1016 3484; x_wconf 84' lang='lat' dir='ltr'><strong>esse</strong></span> <span class='ocrx_word' id='word_1_339' title='bbox 1031 3444 1114 3485; x_wconf 89' lang='lat' dir='ltr'><strong>censet</strong></span> <span class='ocrx_word' id='word_1_340' title='bbox 1124 3439 1263 3496; x_wconf 83' lang='lat' dir='ltr'><strong>Turnebus,</strong></span> <span class='ocrx_word' id='word_1_341' title='bbox 1274 3453 1302 3486; x_wconf 84' lang='lat' dir='ltr'><strong>ac</strong></span> <span class='ocrx_word' id='word_1_342' title='bbox 1316 3442 1366 3501; x_wconf 86' lang='lat' dir='ltr'><strong>legi</strong></span> <span class='ocrx_word' id='word_1_343' title='bbox 1378 3438 1420 3503; x_wconf 86' lang='lat' dir='ltr'><strong>ju·</strong></span> 
     </span>
     <span class='ocr_line' id='line_1_40' title="bbox 343 3502 1419 3566; baseline 0 -14"><span class='ocrx_word' id='word_1_344' title='bbox 343 3519 400 3552; x_wconf 86' lang='lat' dir='ltr'><strong>vera</strong></span> <span class='ocrx_word' id='word_1_345' title='bbox 416 3505 545 3566; x_wconf 80' lang='lat' dir='ltr'><strong>contigerit</strong></span> <span class='ocrx_word' id='word_1_346' title='bbox 559 3505 599 3551; x_wconf 86' lang='lat' dir='ltr'><strong>die</strong></span> <span class='ocrx_word' id='word_1_347' title='bbox 610 3504 649 3552; x_wconf 82' lang='lat'><strong>21.</strong></span> <span class='ocrx_word' id='word_1_348' title='bbox 662 3505 732 3552; x_wconf 75' lang='lat' dir='ltr'><strong>iunii</strong></span> <span class='ocrx_word' id='word_1_349' title='bbox 747 3505 806 3551; x_wconf 82' lang='lat' dir='ltr'><strong>enni</strong></span> <span class='ocrx_word' id='word_1_350' title='bbox 818 3506 865 3553; x_wconf 85' lang='lat' dir='ltr'><strong>Ju·</strong></span> <span class='ocrx_word' id='word_1_351' title='bbox 897 3502 1181 3561; x_wconf 74' lang='lat' dir='ltr'><strong>betcaaaaionaa,ve1</strong></span> <span class='ocrx_word' id='word_1_352' title='bbox 1195 3504 1353 3554; x_wconf 74' lang='lat' dir='ltr'><strong>coelicorum.</strong></span> <span class='ocrx_word' id='word_1_353' title='bbox 1371 3507 1419 3552; x_wconf 88' lang='lat' dir='ltr'><strong>Sed</strong></span> 
     </span>
     <span class='ocr_line' id='line_1_41' title="bbox 341 3566 1420 3631; baseline 0.002 -17"><span class='ocrx_word' id='word_1_354' title='bbox 341 3569 410 3625; x_wconf 85' lang='lat' dir='ltr'><strong>liani,</strong></span> <span class='ocrx_word' id='word_1_355' title='bbox 429 3575 457 3616; x_wconf 90' lang='lat' dir='ltr'><strong>ut</strong></span> <span class='ocrx_word' id='word_1_356' title='bbox 473 3570 557 3616; x_wconf 87' lang='lat' dir='ltr'><strong>asserit</strong></span> <span class='ocrx_word' id='word_1_357' title='bbox 576 3570 737 3629; x_wconf 86' lang='lat' dir='ltr'><strong>peritissimus</strong></span> <span class='ocrx_word' id='word_1_358' title='bbox 748 3570 865 3617; x_wconf 85' lang='lat' dir='ltr'><strong>Astrono·</strong></span> <span class='ocrx_word' id='word_1_359' title='bbox 897 3578 946 3612; x_wconf 90' lang='lat' dir='ltr'><strong>non</strong></span> <span class='ocrx_word' id='word_1_360' title='bbox 962 3568 1016 3614; x_wconf 90' lang='lat' dir='ltr'><strong>ideo</strong></span> <span class='ocrx_word' id='word_1_361' title='bbox 1033 3566 1134 3614; x_wconf 85' lang='lat' dir='ltr'><strong>fortasse</strong></span> <span class='ocrx_word' id='word_1_362' title='bbox 1151 3570 1268 3616; x_wconf 89' lang='lat' dir='ltr'><strong>mendum</strong></span> <span class='ocrx_word' id='word_1_363' title='bbox 1281 3570 1366 3616; x_wconf 88' lang='lat' dir='ltr'><strong>statim</strong></span> <span class='ocrx_word' id='word_1_364' title='bbox 1378 3583 1420 3631; x_wconf 82' lang='lat' dir='ltr'><strong>ag·</strong></span> 
     </span>
     <span class='ocr_line' id='line_1_42' title="bbox 334 3633 1420 3695; baseline 0.001 -15"><span class='ocrx_word' id='word_1_365' title='bbox 334 3647 399 3682; x_wconf 64' lang='lat' dir='ltr'><strong>‘mus</strong></span> <span class='ocrx_word' id='word_1_366' title='bbox 416 3635 506 3681; x_wconf 85' lang='lat' dir='ltr'><strong>ismael</strong></span> <span class='ocrx_word' id='word_1_367' title='bbox 523 3633 657 3682; x_wconf 85' lang='lat' dir='ltr'><strong>Bullialdus</strong></span> <span class='ocrx_word' id='word_1_368' title='bbox 673 3635 699 3680; x_wconf 89' lang='lat' dir='ltr'><strong>in</strong></span> <span class='ocrx_word' id='word_1_369' title='bbox 716 3634 818 3693; x_wconf 85' lang='lat' dir='ltr'><strong>epistola</strong></span> <span class='ocrx_word' id='word_1_370' title='bbox 833 3635 865 3681; x_wconf 92' lang='lat' dir='ltr'><strong>ad</strong></span> <span class='ocrx_word' id='word_1_371' title='bbox 896 3633 1047 3678; x_wconf 73' lang='lat' dir='ltr'><strong>noscendum</strong></span> <span class='ocrx_word' id='word_1_372' title='bbox 1060 3633 1140 3690; x_wconf 86' lang='lat' dir='ltr'><strong>est,si</strong></span> <span class='ocrx_word' id='word_1_373' title='bbox 1157 3633 1216 3692; x_wconf 89' lang='lat' dir='ltr'><strong>qnid</strong></span> <span class='ocrx_word' id='word_1_374' title='bbox 1232 3634 1337 3680; x_wconf 87' lang='lat' dir='ltr'><strong>occurrit</strong></span> <span class='ocrx_word' id='word_1_375' title='bbox 1354 3635 1420 3695; x_wconf 91' lang='lat' dir='ltr'><strong>quod</strong></span> 
     </span>
     <span class='ocr_line' id='line_1_43' title="bbox 343 3695 1184 3759; baseline -0.007 -13"><span class='ocrx_word' id='word_1_376' title='bbox 343 3699 495 3746; x_wconf 85' lang='lat' dir='ltr'><strong>Gronovium</strong></span> <span class='ocrx_word' id='word_1_377' title='bbox 506 3698 597 3759; x_wconf 88' lang='lat' dir='ltr'><strong>ipsum,</strong></span> <span class='ocrx_word' id='word_1_378' title='bbox 606 3712 663 3758; x_wconf 81' lang='lat' dir='ltr'><strong>quae</strong></span> <span class='ocrx_word' id='word_1_379' title='bbox 674 3699 705 3744; x_wconf 84' lang='lat' dir='ltr'><strong>ad</strong></span> <span class='ocrx_word' id='word_1_380' title='bbox 716 3698 806 3744; x_wconf 86' lang='lat' dir='ltr'><strong>calcem</strong></span> <span class='ocrx_word' id='word_1_381' title='bbox 817 3704 864 3745; x_wconf 87' lang='lat' dir='ltr'><strong>ter·</strong></span> <span class='ocrx_word' id='word_1_382' title='bbox 896 3695 1028 3754; x_wconf 82' lang='lat' dir='ltr'><strong>ignoretur.</strong></span> <span class='ocrx_word' id='word_1_383' title='bbox 1176 3723 1184 3754; x_wconf 83' lang='lat'><strong>,</strong></span> 
     </span>
    </p>

    <p class='ocr_par' dir='ltr' id='par_1_18' title="bbox 253 3759 1418 4213">
     <span class='ocr_line' id='line_1_44' title="bbox 253 3759 1417 3828; baseline -0.002 -17"><span class='ocrx_word' id='word_1_384' title='bbox 253 3775 259 3784; x_wconf 85' lang='lat'><em>·</em></span> <span class='ocrx_word' id='word_1_385' title='bbox 342 3765 371 3811; x_wconf 89' lang='lat' dir='ltr'><strong>tii</strong></span> <span class='ocrx_word' id='word_1_386' title='bbox 381 3764 443 3810; x_wconf 87' lang='lat' dir='ltr'><strong>torni</strong></span> <span class='ocrx_word' id='word_1_387' title='bbox 454 3763 549 3810; x_wconf 84' lang='lat' dir='ltr'><strong>Liviani</strong></span> <span class='ocrx_word' id='word_1_388' title='bbox 559 3763 585 3808; x_wconf 88' lang='lat' dir='ltr'><strong>in</strong></span> <span class='ocrx_word' id='word_1_389' title='bbox 596 3763 701 3810; x_wconf 88' lang='lat' dir='ltr'><strong>editione</strong></span> <span class='ocrx_word' id='word_1_390' title='bbox 709 3763 864 3810; x_wconf 84' lang='lat' dir='ltr'><strong>Gronoviana</strong></span> <span class='ocrx_word' id='word_1_391' title='bbox 928 3759 961 3807; x_wconf 85' lang='grc'><strong>65</strong></span> <span class='ocrx_word' id='word_1_392' title='bbox 976 3761 1112 3825; x_wconf 68' lang='lat' dir='ltr'><strong>Manium]</strong></span> <span class='ocrx_word' id='word_1_393' title='bbox 1134 3761 1305 3828; x_wconf 34' lang='lat' dir='ltr'><strong>Hoc&#39;quoque</strong></span> <span class='ocrx_word' id='word_1_394' title='bbox 1326 3776 1417 3810; x_wconf 91' lang='lat' dir='ltr'><strong>nomen</strong></span> 
     </span>
     <span class='ocr_line' id='line_1_45' title="bbox 341 3825 1417 3888; baseline -0.002 -12"><span class='ocrx_word' id='word_1_395' title='bbox 341 3830 453 3876; x_wconf 87' lang='lat' dir='ltr'><strong>habetur.</strong></span> <span class='ocrx_word' id='word_1_396' title='bbox 487 3829 574 3888; x_wconf 86' lang='lat' dir='ltr'><strong>ltaque</strong></span> <span class='ocrx_word' id='word_1_397' title='bbox 596 3841 674 3888; x_wconf 92' lang='lat' dir='ltr'><strong>quurn</strong></span> <span class='ocrx_word' id='word_1_398' title='bbox 702 3828 863 3874; x_wconf 82' lang='lat' dir='ltr'><strong>numerabant</strong></span> <span class='ocrx_word' id='word_1_399' title='bbox 896 3825 1048 3886; x_wconf 80' lang='lat' dir='ltr'><strong>incognitum</strong></span> <span class='ocrx_word' id='word_1_400' title='bbox 1064 3827 1269 3887; x_wconf 80' lang='lat' dir='ltr'><strong>estGeographis.</strong></span> <span class='ocrx_word' id='word_1_401' title='bbox 1304 3828 1417 3888; x_wconf 76' lang='lat' dir='ltr'><strong>Sigonius</strong></span> 
     </span>
     <span class='ocr_line' id='line_1_46' title="bbox 341 3889 1418 3960; baseline 0 -20"><span class='ocrx_word' id='word_1_402' title='bbox 341 3895 388 3942; x_wconf 86' lang='lat' dir='ltr'><strong>hoc</strong></span> <span class='ocrx_word' id='word_1_403' title='bbox 404 3906 469 3939; x_wconf 89' lang='lat' dir='ltr'><strong>anno</strong></span> <span class='ocrx_word' id='word_1_404' title='bbox 489 3891 592 3960; x_wconf 75' lang='lat' dir='ltr'><strong>Romani</strong></span> <span class='ocrx_word' id='word_1_405' title='bbox 611 3892 711 3938; x_wconf 88' lang='lat' dir='ltr'><strong>initium</strong></span> <span class='ocrx_word' id='word_1_406' title='bbox 727 3891 819 3937; x_wconf 86' lang='lat' dir='ltr'><strong>mensis</strong></span> <span class='ocrx_word' id='word_1_407' title='bbox 830 3893 864 3939; x_wconf 89' lang='grc' dir='ltr'><strong>Α·</strong></span> <span class='ocrx_word' id='word_1_408' title='bbox 896 3889 986 3948; x_wconf 85' lang='lat' dir='ltr'><strong>perlevi</strong></span> <span class='ocrx_word' id='word_1_409' title='bbox 1001 3893 1136 3938; x_wconf 86' lang='lat' dir='ltr'><strong>mutatione</strong></span> <span class='ocrx_word' id='word_1_410' title='bbox 1147 3892 1206 3952; x_wconf 78' lang='lat' dir='ltr'><strong>legit</strong></span> <span class='ocrx_word' id='word_1_411' title='bbox 1217 3893 1348 3947; x_wconf 81' lang='lat' dir='ltr'><strong>Buraiam,</strong></span> <span class='ocrx_word' id='word_1_412' title='bbox 1360 3893 1418 3940; x_wconf 85' lang='lat' dir='ltr'><strong>Pto·</strong></span> 
     </span>
     <span class='ocr_line' id='line_1_47' title="bbox 340 3954 1418 4018; baseline 0 -14"><span class='ocrx_word' id='word_1_413' title='bbox 340 3959 418 4018; x_wconf 86' lang='lat' dir='ltr'><strong>prilis,</strong></span> <span class='ocrx_word' id='word_1_414' title='bbox 439 3970 550 4004; x_wconf 87' lang='lat' dir='ltr'><strong>mensem</strong></span> <span class='ocrx_word' id='word_1_415' title='bbox 567 3956 713 4003; x_wconf 76' lang='lat' dir='ltr'><strong>ianuarium</strong></span> <span class='ocrx_word' id='word_1_416' title='bbox 735 3969 864 4004; x_wconf 82' lang='lat' dir='ltr'><strong>numerare</strong></span> <span class='ocrx_word' id='word_1_417' title='bbox 895 3954 983 4002; x_wconf 79' lang='lat' dir='ltr'><strong>lemaeo</strong></span> <span class='ocrx_word' id='word_1_418' title='bbox 1002 3961 1027 4001; x_wconf 88' lang='lat' dir='ltr'><strong>et</strong></span> <span class='ocrx_word' id='word_1_419' title='bbox 1046 3955 1124 4004; x_wconf 84' lang='lat' dir='ltr'><strong>Plinio</strong></span> <span class='ocrx_word' id='word_1_420' title='bbox 1141 3955 1252 4010; x_wconf 87' lang='lat' dir='ltr'><strong>ducibus,</strong></span> <span class='ocrx_word' id='word_1_421' title='bbox 1272 3957 1315 4016; x_wconf 89' lang='lat' dir='ltr'><strong>qui</strong></span> <span class='ocrx_word' id='word_1_422' title='bbox 1334 3958 1418 4018; x_wconf 84' lang='lat' dir='ltr'><strong>oppidi</strong></span> 
     </span>
     <span class='ocr_line' id='line_1_48' title="bbox 341 4018 1417 4081; baseline -0.001 -12"><span class='ocrx_word' id='word_1_423' title='bbox 341 4023 488 4069; x_wconf 82' lang='lat' dir='ltr'><strong>debuissent.</strong></span> <span class='ocrx_word' id='word_1_424' title='bbox 512 4021 662 4075; x_wconf 87' lang='lat' dir='ltr'><strong>Dodwellus‚</strong></span> <span class='ocrx_word' id='word_1_425' title='bbox 672 4021 776 4070; x_wconf 88' lang='lat' dir='ltr'><strong>Dissert.</strong></span> <span class='ocrx_word' id='word_1_426' title='bbox 787 4021 820 4066; x_wconf 89' lang='lat' dir='ltr'><strong>X.</strong></span> <span class='ocrx_word' id='word_1_427' title='bbox 833 4024 863 4068; x_wconf 88' lang='lat' dir='ltr'><strong>de</strong></span> <span class='ocrx_word' id='word_1_428' title='bbox 896 4018 979 4065; x_wconf 80' lang='lat' dir='ltr'><strong>Burni</strong></span> <span class='ocrx_word' id='word_1_429' title='bbox 1011 4025 1036 4066; x_wconf 82' lang='lat' dir='ltr'><strong>et</strong></span> <span class='ocrx_word' id='word_1_430' title='bbox 1067 4022 1238 4068; x_wconf 72' lang='lat' dir='ltr'><strong>Remitterem</strong></span> <span class='ocrx_word' id='word_1_431' title='bbox 1270 4023 1417 4081; x_wconf 87' lang='lat' dir='ltr'><strong>populorum</strong></span> 
     </span>
     <span class='ocr_line' id='line_1_49' title="bbox 341 4085 1160 4147; baseline 0 -14"><span class='ocrx_word' id='word_1_432' title='bbox 341 4086 421 4147; x_wconf 79' lang='lat' dir='ltr'><strong>cyclis</strong></span> <span class='ocrx_word' id='word_1_433' title='bbox 433 4087 505 4134; x_wconf 88' lang='lat' dir='ltr'><strong>Rom.</strong></span> <span class='ocrx_word' id='word_1_434' title='bbox 518 4086 581 4132; x_wconf 87' lang='lat' dir='ltr'><strong>Sect.</strong></span> <span class='ocrx_word' id='word_1_435' title='bbox 594 4085 632 4134; x_wconf 83' lang='lat'><strong>12.</strong></span> <span class='ocrx_word' id='word_1_436' title='bbox 650 4099 698 4133; x_wconf 90' lang='lat' dir='ltr'><strong>non</strong></span> <span class='ocrx_word' id='word_1_437' title='bbox 711 4093 808 4134; x_wconf 88' lang='lat' dir='ltr'><strong>tantum</strong></span> <span class='ocrx_word' id='word_1_438' title='bbox 824 4087 862 4132; x_wconf 86' lang='lat' dir='ltr'><strong>fu·</strong></span> <span class='ocrx_word' id='word_1_439' title='bbox 896 4085 1046 4131; x_wconf 88' lang='lat' dir='ltr'><strong>mentionem</strong></span> <span class='ocrx_word' id='word_1_440' title='bbox 1057 4085 1160 4134; x_wconf 81' lang='lat' dir='ltr'><strong>iaciunt.</strong></span> 
     </span>
     <span class='ocr_line' id='line_1_50' title="bbox 340 4147 1418 4213; baseline -0.001 -16"><span class='ocrx_word' id='word_1_441' title='bbox 340 4151 388 4197; x_wconf 84' lang='lat' dir='ltr'><strong>isse</strong></span> <span class='ocrx_word' id='word_1_442' title='bbox 404 4163 511 4197; x_wconf 86' lang='lat' dir='ltr'><strong>errorem</strong></span> <span class='ocrx_word' id='word_1_443' title='bbox 528 4150 662 4205; x_wconf 86' lang='lat' dir='ltr'><strong>existimat,</strong></span> <span class='ocrx_word' id='word_1_444' title='bbox 675 4163 781 4211; x_wconf 89' lang='lat' dir='ltr'><strong>eumque</strong></span> <span class='ocrx_word' id='word_1_445' title='bbox 796 4151 871 4200; x_wconf 84' lang='lat' dir='ltr'><strong>diem,</strong></span> <span class='ocrx_word' id='word_1_446' title='bbox 928 4147 960 4195; x_wconf 91' lang='grc'><strong>66</strong></span> <span class='ocrx_word' id='word_1_447' title='bbox 976 4148 1129 4213; x_wconf 81' lang='lat' dir='ltr'><strong>Bulinontm]</strong></span> <span class='ocrx_word' id='word_1_448' title='bbox 1149 4151 1188 4199; x_wconf 90' lang='lat' dir='ltr'><strong>Sic</strong></span> <span class='ocrx_word' id='word_1_449' title='bbox 1207 4150 1274 4198; x_wconf 84' lang='lat' dir='ltr'><strong>dedit</strong></span> <span class='ocrx_word' id='word_1_450' title='bbox 1293 4149 1360 4198; x_wconf 89' lang='lat' dir='ltr'><strong>idem</strong></span> <span class='ocrx_word' id='word_1_451' title='bbox 1380 4150 1418 4200; x_wconf 81' lang='lat' dir='ltr'><strong>st.</strong></span> 
     </span>
    </p>

    <p class='ocr_par' dir='ltr' id='par_1_19' title="bbox 314 4211 1417 4474">
     <span class='ocr_line' id='line_1_51' title="bbox 314 4211 1224 4275; baseline 0.001 -14"><span class='ocrx_word' id='word_1_452' title='bbox 314 4211 318 4220; x_wconf 91' lang='lat'>&#39;</span> <span class='ocrx_word' id='word_1_453' title='bbox 340 4227 415 4275; x_wconf 90' lang='lat' dir='ltr'><strong>quem</strong></span> <span class='ocrx_word' id='word_1_454' title='bbox 426 4217 472 4263; x_wconf 86' lang='lat' dir='ltr'><strong>boc</strong></span> <span class='ocrx_word' id='word_1_455' title='bbox 481 4228 545 4261; x_wconf 88' lang='lat' dir='ltr'><strong>anno</strong></span> <span class='ocrx_word' id='word_1_456' title='bbox 556 4216 662 4262; x_wconf 78' lang='lat' dir='ltr'><strong>Romani</strong></span> <span class='ocrx_word' id='word_1_457' title='bbox 673 4216 782 4275; x_wconf 88' lang='lat' dir='ltr'><strong>primum</strong></span> <span class='ocrx_word' id='word_1_458' title='bbox 790 4217 863 4275; x_wconf 83' lang='lat' dir='ltr'><strong>Apri.</strong></span> <span class='ocrx_word' id='word_1_459' title='bbox 894 4213 982 4273; x_wconf 79' lang='lat' dir='ltr'><strong>gonius</strong></span> <span class='ocrx_word' id='word_1_460' title='bbox 993 4227 1036 4274; x_wconf 90' lang='lat' dir='ltr'><strong>pro</strong></span> <span class='ocrx_word' id='word_1_461' title='bbox 1047 4215 1224 4262; x_wconf 79' lang='lat' dir='ltr'><strong>Badiuaoram.</strong></span> 
     </span>
     <span class='ocr_line' id='line_1_52' title="bbox 339 4277 1417 4347; baseline 0.004 -23"><span class='ocrx_word' id='word_1_462' title='bbox 339 4279 370 4324; x_wconf 89' lang='lat' dir='ltr'><strong>lis</strong></span> <span class='ocrx_word' id='word_1_463' title='bbox 387 4282 559 4338; x_wconf 86' lang='lat' dir='ltr'><strong>numerabant,</strong></span> <span class='ocrx_word' id='word_1_464' title='bbox 571 4280 646 4326; x_wconf 82' lang='lat' dir='ltr'><strong>tuisse</strong></span> <span class='ocrx_word' id='word_1_465' title='bbox 664 4284 749 4326; x_wconf 75' lang='lat' dir='ltr'><strong>revera</strong></span> <span class='ocrx_word' id='word_1_466' title='bbox 765 4279 806 4327; x_wconf 81' lang='lat'><strong>21.</strong></span> <span class='ocrx_word' id='word_1_467' title='bbox 818 4280 862 4326; x_wconf 82' lang='lat' dir='ltr'><strong>Fe·</strong></span> <span class='ocrx_word' id='word_1_468' title='bbox 927 4277 959 4324; x_wconf 82' lang='lat' dir='ltr'><strong>di</strong></span> <span class='ocrx_word' id='word_1_469' title='bbox 977 4277 1046 4326; x_wconf 70' lang='lat' dir='ltr'><strong>circu</strong></span> <span class='ocrx_word' id='word_1_470' title='bbox 1063 4281 1198 4328; x_wconf 78' lang='lat' dir='ltr'><strong>Genusuum</strong></span> <span class='ocrx_word' id='word_1_471' title='bbox 1213 4282 1317 4347; x_wconf 83' lang='lat' dir='ltr'><strong>omnem]</strong></span> <span class='ocrx_word' id='word_1_472' title='bbox 1335 4279 1417 4328; x_wconf 74' lang='lat' dir='ltr'><strong>esar</strong></span> 
     </span>
     <span class='ocr_line' id='line_1_53' title="bbox 339 4339 1414 4406; baseline -0.001 -15"><span class='ocrx_word' id='word_1_473' title='bbox 339 4345 432 4391; x_wconf 81' lang='lat' dir='ltr'><strong>bruarii</strong></span> <span class='ocrx_word' id='word_1_474' title='bbox 452 4340 553 4392; x_wconf 67' lang='lat' dir='ltr'><strong>iuliani.</strong></span> <span class='ocrx_word' id='word_1_475' title='bbox 586 4345 673 4404; x_wconf 86' lang='lat' dir='ltr'><strong>Itaque</strong></span> <span class='ocrx_word' id='word_1_476' title='bbox 690 4358 712 4391; x_wconf 89' lang='lat' dir='ltr'><strong>c.</strong></span> <span class='ocrx_word' id='word_1_477' title='bbox 730 4344 772 4392; x_wconf 82' lang='grc'><strong>37.</strong></span> <span class='ocrx_word' id='word_1_478' title='bbox 787 4339 862 4406; x_wconf 81' lang='lat' dir='ltr'><strong>hujus</strong></span> <span class='ocrx_word' id='word_1_479' title='bbox 894 4342 911 4388; x_wconf 84' lang='lat' dir='ltr'><strong>l.</strong></span> <span class='ocrx_word' id='word_1_480' title='bbox 923 4342 971 4388; x_wconf 87' lang='lat' dir='ltr'><strong>ill.</strong></span> <span class='ocrx_word' id='word_1_481' title='bbox 990 4345 1021 4390; x_wconf 86' lang='lat' dir='ltr'><strong>de</strong></span> <span class='ocrx_word' id='word_1_482' title='bbox 1041 4341 1109 4392; x_wconf 84' lang='lat' dir='ltr'><strong>B&#39;ello</strong></span> <span class='ocrx_word' id='word_1_483' title='bbox 1126 4345 1208 4400; x_wconf 84' lang='lat' dir='ltr'><strong>civili,</strong></span> <span class='ocrx_word' id='word_1_484' title='bbox 1220 4352 1245 4392; x_wconf 92' lang='lat' dir='ltr'><strong>et</strong></span> <span class='ocrx_word' id='word_1_485' title='bbox 1263 4345 1414 4402; x_wconf 75' lang='lat' dir='ltr'><strong>Lucanus,l.</strong></span> 
     </span>
     <span class='ocr_line' id='line_1_54' title="bbox 340 4405 1270 4474; baseline 0.003 -19"><span class='ocrx_word' id='word_1_486' title='bbox 340 4405 395 4456; x_wconf 78' lang='lat' dir='ltr'><strong>libri</strong></span> <span class='ocrx_word' id='word_1_487' title='bbox 411 4409 530 4456; x_wconf 84' lang='lat' dir='ltr'><strong>mendum</strong></span> <span class='ocrx_word' id='word_1_488' title='bbox 548 4409 573 4454; x_wconf 90' lang='lat' dir='ltr'><strong>in</strong></span> <span class='ocrx_word' id='word_1_489' title='bbox 589 4409 652 4456; x_wconf 83' lang='lat' dir='ltr'><strong>Livii</strong></span> <span class='ocrx_word' id='word_1_490' title='bbox 670 4412 812 4470; x_wconf 81' lang='lat' dir='ltr'><strong>contextum</strong></span> <span class='ocrx_word' id='word_1_491' title='bbox 828 4409 861 4456; x_wconf 89' lang='lat' dir='ltr'><strong>ir·</strong></span> <span class='ocrx_word' id='word_1_492' title='bbox 894 4408 925 4456; x_wconf 86' lang='lat' dir='ltr'><strong>V.</strong></span> <span class='ocrx_word' id='word_1_493' title='bbox 938 4421 959 4454; x_wconf 87' lang='lat' dir='ltr'><strong>v.</strong></span> <span class='ocrx_word' id='word_1_494' title='bbox 973 4407 1028 4455; x_wconf 80' lang='lat'><strong>462.</strong></span> <span class='ocrx_word' id='word_1_495' title='bbox 1047 4409 1164 4465; x_wconf 67' lang='lat' dir='ltr'><strong>demum</strong></span> <span class='ocrx_word' id='word_1_496' title='bbox 1176 4416 1270 4474; x_wconf 71' lang='lat' dir='ltr'><strong>vocant,</strong></span> 
     </span>
    </p>
   </div>
   <div class='ocr_carea' id='block_1_5' title="bbox 0 0 1564 4984">
    <p class='ocr_par' dir='ltr' id='par_1_20' title="bbox 0 0 1564 4984">
     <span class='ocr_line' id='line_1_55' title="bbox 0 0 1564 4984; baseline 0 0"><span class='ocrx_word' id='word_1_497' title='bbox 0 0 1564 4984; x_wconf 95' lang='lat' dir='ltr'><strong> </strong></span> 
     </span>
    </p>
   </div>
  </div>
 </body>
</html>
