3042 4980
497 134 859 241 anrarro':
1114 162 1225 242 lxxix

115 359 238 450 nuno,
259 362 340 438 duo
366 355 462 440 Livii
487 360 741 464 exemplaris:
767 365 929 464 quoium
951 359 1219 451 sorbonicum,

112 477 225 577 quod
244 478 388 577 primos
407 480 541 556 decem
559 479 673 555 libros
690 479 965 578 complectitur,
982 477 1053 556 etsi
1070 501 1148 568 non
1164 501 1219 552 re—

14 669 16 684 ,
111 603 230 670 motae
247 594 447 673 vetustatis
464 607 533 685 est,
552 620 601 671 ex
619 595 770 696 optimis
789 604 891 672 certe
917 592 1150 692 exscriptum
1167 594 1220 668 vi-

115 709 255 784 detur:
282 708 339 798 ita
356 710 519 787 fideliter
534 720 638 786 tenet
655 711 891 812 plerumque,
910 711 976 787 ubi
1001 709 1155 786 codices
1180 711 1221 784 in

112 823 273 898 diversa
288 823 442 915 abeunt,
460 825 581 904 bonas
600 851 787 926 verasque
804 827 1003 904 lectiones.
1056 825 1220 902 Victori·

111 963 207 1016 num
227 949 330 1016 totns
346 950 423 1018 tres
439 942 609 1020 decadas
630 944 754 1034 habet,
772 954 906 1044 praeter
930 941 1161 1020 XXXIII¹¹¹¹1
1178 941 1222 1018 li-

111 1055 241 1145 brum,
260 1065 301 1130 et
317 1058 433 1132 fidem
447 1057 533 1134 XL¹
535 1058 702 1159 ,quibus
723 1069 763 1136 et
787 1059 991 1136 veterrimae
1017 1058 1114 1135 Livii
1140 1059 1220 1135 edi-

111 1172 243 1249 tiones
272 1173 542 1266 destituuntur,
566 1185 608 1249 ut
633 1199 747 1274 supra
771 1175 1076 1252 observavimus.
1113 1175 1219 1250 novi·
1203 1192 1317 1266 οι·0
1329 1194 1375 1241 0

112 1289 210 1366 tium
230 1313 338 1377 sane,
350 1301 389 1364 et
405 1290 543 1366 assutis
557 1317 658 1390 saepe
676 1293 725 1366 ab
738 1291 878 1367 audaci
890 1302 955 1368 aut
968 1291 1066 1366 male
1083 1260 1345 1371 sedulum.

113 1429 236 1480 manu
255 1405 481 1482 centonibus
498 1416 565 1482 aut
581 1406 895 1483 medicaminibus
920 1407 1219 1499 interstinctum

113 1545 195 1596 non
213 1521 471 1620 spernendum
487 1531 626 1612 tamen,
642 1533 684 1598 et
700 1523 804 1622 quod
822 1521 1079 1622 quibusdem
1069 1547 1108 1600 ιιι
1124 1522 1219 1600 locis

115 1637 244 1712 solum
263 1660 389 1711 veram
406 1634 504 1712 Livii
519 1637 747 1739 scripturam
763 1663 935 1714 servasse
949 1639 1131 1716 videatur.
1157 1639 1220 1715 Ita
1291 1633 1295 1646 ’

115 1765 220 1828 certe
233 1751 505 1848 judicavimus,
524 1764 606 1830 turn
623 1753 723 1846 alibi,
742 1766 821 1832 turn
838 1753 865 1832 l.
878 1753 1036 1832 XXIII.
1054 1781 1090 1831 c.
1101 1762 1162 1830 30.
1178 1763 1220 1829 et

115 1867 355 1946 XX1V.25.

162 1983 593 2087 Adhibuimusquoque
606 1985 655 2062 ad
668 1997 798 2065 textus
815 1985 1104 2086 castigationem
1116 1984 1217 2084 prin·
1202 2004 1265 2052 -ur
1249 2017 1318 2057 ιιιιιι
1303 2002 1379 2051 eoum

115 2100 223 2200 cipes
239 2099 412 2176 omnium
429 2100 671 2178 Livianarum
689 2102 911 2192 editionum,
929 2103 978 2178 ab
1002 2101 1162 2177 Andrea
1180 2075 1368 2184 etdffm
1329 2069 1382 2116 ω

115 2216 321 2315 Campano
340 2228 488 2292 curatas
492 2228 713 2318 ,utramque
724 2245 745 2292 e
756 2218 944 2294 ditissimo
957 2217 1068 2316 regiae
1085 2216 1217 2292 biblio·

114 2333 240 2410 thecae
258 2357 360 2431 penu
377 2332 488 2410 nobis
506 2334 555 2410 ab
568 2335 717 2424 eodem,
731 2334 840 2429 cujus
853 2334 935 2429 jam
952 2332 1160 2430 impensam
1179 2331 1218 2406 in

114 2473 204 2542 nos,
220 2447 300 2524 sive
317 2447 445 2548 potius
461 2447 502 2524 in
527 2449 670 2526 litteras
687 2449 964 2551 promovendas
981 2447 1220 2522 voluntatem
1262 2455 1266 2461 ’
1378 2457 1383 2472 ’

113 2563 371 2658 laudavimus,
388 2563 490 2642 Clar.
508 2564 669 2642 Sallerio
687 2565 994 2643 commodatam:
1017 2572 1219 2662 utramque

113 2679 248 2758 utilem
274 2678 372 2755 Livii
396 2674 603 2779 interpreti.
654 2681 726 2758 Est
747 2693 876 2758 tumen
901 2680 1004 2756 unde
1031 2676 1218 2777 Campani

115 2795 344 2894 leviorapud
358 2792 1217 2898 nosliatauctoritas,qniquumaliquotLuur.
1250 2797 1255 2803 “

115 2909 239 2988 anlae
265 2912 503 3008 conjecturas
529 2912 742 2989 adsciscere
773 2938 852 2990 non
881 2909 1120 2998 dubitaverit,
1152 2934 1219 3009 per

116 3027 218 3104 hunc
237 3027 384 3103 allitum
401 3030 529 3106 fucum
553 3053 640 3105 vero
665 3055 822 3132 quoque
846 3039 885 3106 et
908 3027 1073 3127 genuino
1099 3025 1217 3102 colori

118 3145 236 3220 iidem
254 3143 407 3222 demsit.

164 3259 248 3336 Sed
262 3259 572 3359 etaliasqooque
585 3262 731 3338 nonita
746 3263 849 3336 fama
861 3261 1085 3347 celebratas,
1099 3247 1216 3356 paulo

114 3373 345 3452 vetustiores
367 3389 496 3452 tamen
521 3376 706 3454 editiones
734 3378 921 3478 inspicere
947 3401 1026 3453 non
1050 3372 1218 3474 neglexi-

114 3515 225 3568 mus:
253 3515 326 3566 nec
345 3491 429 3567 sine
445 3478 571 3591 aliquo
590 3494 729 3572 fructu.
783 3491 871 3570 Hoc
890 3492 990 3570 enim
1008 3515 1107 3589 saepe
1123 3512 1215 3565 con·

113 3607 225 3706 tingit
259 3631 329 3705 per
358 3631 488 3684 eorum
521 3607 709 3686 incuriam
735 3610 804 3708 qui
842 3633 982 3684 novam
1015 3603 1219 3701 cujuslibet

112 3723 310 3822 scriptoris
327 3722 531 3799 editionem
545 3726 818 3822 procurandam
834 3723 1115 3825 suscipiunt„ut
1131 3746 1217 3819 quae

113 3840 228 3916 semel
258 3838 441 3937 irrepsere
475 3840 618 3914 menda
649 3864 844 3939 nunquam
871 3841 1120 3928 eliminentur,
1147 3841 1217 3938 sed

113 3980 181 4055 per
196 3954 419 4054 complures
438 3954 620 4056 deinceps
637 3955 835 4046 editiones,
854 3959 963 4055 quasi
982 3958 1113 4032 locum
1130 3980 1218 4032 eum

114 4097 224 4170 quem
236 4071 356 4150 semel
374 4073 580 4170 possedere
598 4099 668 4150 usu
685 4073 866 4174 ceperint,
886 4083 1068 4172 perpetuo
1087 4083 1217 4148 tenore
1351 4135 1358 4144 ,
1427 4095 1429 4102 ·

115 4197 396 4288 propagenturz
422 4186 513 4285 quin
532 4189 569 4264 et
588 4199 731 4264 veteres
756 4188 914 4263 macnlae
939 4187 1047 4263 novis
1064 4188 1218 4285 insuper
