<?xml version="1.0" encoding="UTF-8"?>
<!DOCTYPE html PUBLIC "-//W3C//DTD XHTML 1.0 Transitional//EN"
    "http://www.w3.org/TR/xhtml1/DTD/xhtml1-transitional.dtd">
<html xmlns="http://www.w3.org/1999/xhtml" xml:lang="en" lang="en">
 <head>
  <title>
</title>
<meta http-equiv="Content-Type" content="text/html;charset=utf-8" />
  <meta name='ocr-system' content='tesseract 3.04.00' />
  <meta name='ocr-capabilities' content='ocr_page ocr_carea ocr_par ocr_line ocrx_word'/>
</head>
<body>
  <div class='ocr_page' id='page_1' title='image "./tliviipatavinih03crevgoog_0300.png"; bbox 0 0 3120 4984; ppageno 0'>
   <div class='ocr_carea' id='block_1_1' title="bbox 439 231 1217 308">
    <p class='ocr_par' dir='ltr' id='par_1_1' title="bbox 439 231 1217 308">
     <span class='ocr_line' id='line_1_1' title="bbox 439 231 1217 308; baseline 0.008 -17"><span class='ocrx_word' id='word_1_1' title='bbox 439 231 532 291; x_wconf 90' lang='lat' dir='ltr'><strong>LlB.</strong></span> <span class='ocrx_word' id='word_1_2' title='bbox 561 233 674 292; x_wconf 87' lang='lat' dir='ltr'><strong>XLIV.</strong></span> <span class='ocrx_word' id='word_1_3' title='bbox 697 233 801 292; x_wconf 80' lang='lat' dir='ltr'><strong>CAP.</strong></span> <span class='ocrx_word' id='word_1_4' title='bbox 828 233 927 294; x_wconf 88' lang='lat' dir='ltr'><strong>XXX.</strong></span> <span class='ocrx_word' id='word_1_5' title='bbox 1160 234 1217 308; x_wconf 74' lang='lat'><strong>149</strong></span> 
     </span>
    </p>
   </div>
   <div class='ocr_carea' id='block_1_2' title="bbox 138 393 1361 833">
    <p class='ocr_par' dir='ltr' id='par_1_2' title="bbox 138 393 1361 833">
     <span class='ocr_line' id='line_1_2' title="bbox 144 393 1361 497; baseline 0.009 -38"><span class='ocrx_word' id='word_1_6' title='bbox 144 393 255 462; x_wconf 83' lang='lat' dir='ltr'><strong>urbem</strong></span> <span class='ocrx_word' id='word_1_7' title='bbox 288 397 456 497; x_wconf 74' lang='lat' dir='ltr'><strong>petebant.¹</strong></span> <span class='ocrx_word' id='word_1_8' title='bbox 495 396 570 475; x_wconf 80' lang='lat' dir='ltr'><strong>sed,</strong></span> <span class='ocrx_word' id='word_1_9' title='bbox 600 399 731 484; x_wconf 90' lang='lat' dir='ltr'><strong>propius</strong></span> <span class='ocrx_word' id='word_1_10' title='bbox 762 398 873 463; x_wconf 86' lang='lat' dir='ltr'><strong>orbern</strong></span> <span class='ocrx_word' id='word_1_11' title='bbox 901 397 999 463; x_wconf 88' lang='lat' dir='ltr'><strong>lembi</strong></span> <span class='ocrx_word' id='word_1_12' title='bbox 1027 401 1361 489; x_wconf 77' lang='lat' dir='ltr'><strong>accessuqueU.c.sss.</strong></span> 
     </span>
     <span class='ocr_line' id='line_1_3' title="bbox 143 485 1361 570; baseline 0.008 -26"><span class='ocrx_word' id='word_1_13' title='bbox 143 485 362 549; x_wconf 84' lang='lat' dir='ltr'><strong>commodiore</strong></span> <span class='ocrx_word' id='word_1_14' title='bbox 389 505 488 570; x_wconf 92' lang='lat' dir='ltr'><strong>quum</strong></span> <span class='ocrx_word' id='word_1_15' title='bbox 518 485 738 569; x_wconf 74' lang='lat' dir='ltr'><strong>exposuissent</strong></span> <span class='ocrx_word' id='word_1_16' title='bbox 769 497 920 562; x_wconf 87' lang='lat' dir='ltr'><strong>armatos,</strong></span> <span class='ocrx_word' id='word_1_17' title='bbox 952 488 1067 570; x_wconf 87' lang='lat' dir='ltr'><strong>partim</strong></span> <span class='ocrx_word' id='word_1_18' title='bbox 1101 490 1133 552; x_wconf 91' lang='lat' dir='ltr'><strong>in</strong></span> <span class='ocrx_word' id='word_1_19' title='bbox 1164 485 1253 554; x_wconf 59' lang='lat' dir='ltr'><strong>vial·</strong></span> <span class='ocrx_word' id='word_1_20' title='bbox 1266 486 1294 533; x_wconf 78' lang='lat'><strong>⁰·</strong></span> <span class='ocrx_word' id='word_1_21' title='bbox 1308 486 1361 533; x_wconf 80' lang='lat'><strong>¹⁶⁸·</strong></span> 
     </span>
     <span class='ocr_line' id='line_1_4' title="bbox 141 565 1215 658; baseline 0.008 -26"><span class='ocrx_word' id='word_1_22' title='bbox 141 565 298 656; x_wconf 82' lang='lat' dir='ltr'><strong>fugientes</strong></span> <span class='ocrx_word' id='word_1_23' title='bbox 315 569 426 636; x_wconf 81' lang='lat' dir='ltr'>Gallos</span> <span class='ocrx_word' id='word_1_24' title='bbox 447 571 556 656; x_wconf 79' lang='lat' dir='ltr'>adepti</span> <span class='ocrx_word' id='word_1_25' title='bbox 573 571 768 636; x_wconf 81' lang='lat' dir='ltr'>Macedones</span> <span class='ocrx_word' id='word_1_26' title='bbox 791 573 989 650; x_wconf 89' lang='lat' dir='ltr'><strong>ceciderunt,</strong></span> <span class='ocrx_word' id='word_1_27' title='bbox 1001 577 1117 658; x_wconf 87' lang='lat' dir='ltr'><strong>partim</strong></span> <span class='ocrx_word' id='word_1_28' title='bbox 1140 589 1215 641; x_wconf 83' lang='lat' dir='ltr'><strong>ante</strong></span> 
     </span>
     <span class='ocr_line' id='line_1_5' title="bbox 142 657 1214 749; baseline 0.008 -31"><span class='ocrx_word' id='word_1_29' title='bbox 142 671 269 737; x_wconf 86' lang='lat' dir='ltr'><strong>portam</strong></span> <span class='ocrx_word' id='word_1_30' title='bbox 292 659 447 723; x_wconf 84' lang='lat' dir='ltr'><strong>exclusos.</strong></span> <span class='ocrx_word' id='word_1_31' title='bbox 470 657 648 723; x_wconf 87' lang='lat' dir='ltr'><strong>clauserant</strong></span> <span class='ocrx_word' id='word_1_32' title='bbox 669 657 754 722; x_wconf 90' lang='lat' dir='ltr'><strong>enim</strong></span> <span class='ocrx_word' id='word_1_33' title='bbox 778 657 853 724; x_wconf 89' lang='lat' dir='ltr'><strong>Chii</strong></span> <span class='ocrx_word' id='word_1_34' title='bbox 876 673 1012 743; x_wconf 90' lang='lat' dir='ltr'><strong>portam,</strong></span> <span class='ocrx_word' id='word_1_35' title='bbox 1028 662 1143 748; x_wconf 80' lang='lat' dir='ltr'><strong>ignari,</strong></span> <span class='ocrx_word' id='word_1_36' title='bbox 1159 665 1214 749; x_wconf 92' lang='lat' dir='ltr'><strong>qui</strong></span> 
     </span>
     <span class='ocr_line' id='line_1_6' title="bbox 138 741 1214 833; baseline 0.009 -28"><span class='ocrx_word' id='word_1_37' title='bbox 138 741 298 827; x_wconf 70' lang='lat' dir='ltr'><strong>fugerent,</strong></span> <span class='ocrx_word' id='word_1_38' title='bbox 315 760 370 810; x_wconf 78' lang='lat' dir='ltr'><strong>rut</strong></span> <span class='ocrx_word' id='word_1_39' title='bbox 391 757 607 832; x_wconf 77' lang='lat' dir='ltr'><strong>sequerentur.</strong></span> <span class='ocrx_word' id='word_1_40' title='bbox 653 745 840 833; x_wconf 87' lang='lat' dir='ltr'><strong>Octingenti</strong></span> <span class='ocrx_word' id='word_1_41' title='bbox 862 746 960 810; x_wconf 85' lang='lat' dir='ltr'><strong>ferme</strong></span> <span class='ocrx_word' id='word_1_42' title='bbox 976 748 1143 813; x_wconf 82' lang='lat' dir='ltr'><strong>Gallorum</strong></span> <span class='ocrx_word' id='word_1_43' title='bbox 1160 772 1214 815; x_wconf 93' lang='lat' dir='ltr'><strong>oc·</strong></span> 
     </span>
    </p>
   </div>
   <div class='ocr_carea' id='block_1_3' title="bbox 18 829 1373 3942">
    <p class='ocr_par' dir='ltr' id='par_1_3' title="bbox 136 829 1213 1590">
     <span class='ocr_line' id='line_1_7' title="bbox 141 829 1212 918; baseline 0.007 -25"><span class='ocrx_word' id='word_1_44' title='bbox 141 829 208 906; x_wconf 87' lang='lat' dir='ltr'><strong>cisi,</strong></span> <span class='ocrx_word' id='word_1_45' title='bbox 225 829 354 897; x_wconf 87' lang='lat' dir='ltr'><strong>ducenti</strong></span> <span class='ocrx_word' id='word_1_46' title='bbox 369 833 431 897; x_wconf 86' lang='lat' dir='ltr'><strong>vivi</strong></span> <span class='ocrx_word' id='word_1_47' title='bbox 453 832 552 918; x_wconf 82' lang='lat' dir='ltr'><strong>capti:</strong></span> <span class='ocrx_word' id='word_1_48' title='bbox 574 832 659 918; x_wconf 92' lang='lat' dir='ltr'><strong>equi,</strong></span> <span class='ocrx_word' id='word_1_49' title='bbox 679 853 752 916; x_wconf 89' lang='lat' dir='ltr'><strong>pars</strong></span> <span class='ocrx_word' id='word_1_50' title='bbox 777 853 810 896; x_wconf 90' lang='grc' dir='ltr'><strong>ιιι</strong></span> <span class='ocrx_word' id='word_1_51' title='bbox 832 833 923 910; x_wconf 86' lang='lat' dir='ltr'><strong>mari,</strong></span> <span class='ocrx_word' id='word_1_52' title='bbox 940 833 1046 898; x_wconf 84' lang='lat' dir='ltr'><strong>fractis</strong></span> <span class='ocrx_word' id='word_1_53' title='bbox 1067 835 1212 916; x_wconf 87' lang='lat' dir='ltr'><strong>navibus,</strong></span> 
     </span>
     <span class='ocr_line' id='line_1_8' title="bbox 140 917 1212 1004; baseline 0.008 -24"><span class='ocrx_word' id='word_1_54' title='bbox 140 917 277 983; x_wconf 84' lang='lat' dir='ltr'><strong>absumti</strong></span> <span class='ocrx_word' id='word_1_55' title='bbox 287 941 296 995; x_wconf 76' lang='grc' dir='ltr'><strong>ς</strong></span> <span class='ocrx_word' id='word_1_56' title='bbox 319 919 437 1004; x_wconf 86' lang='lat' dir='ltr'><strong>partim</strong></span> <span class='ocrx_word' id='word_1_57' title='bbox 451 918 602 984; x_wconf 79' lang='lat' dir='ltr'><strong>¹⁵⁹nervos</strong></span> <span class='ocrx_word' id='word_1_58' title='bbox 617 919 824 984; x_wconf 90' lang='lat' dir='ltr'><strong>subciderunt</strong></span> <span class='ocrx_word' id='word_1_59' title='bbox 844 920 878 983; x_wconf 93' lang='lat' dir='ltr'><strong>in</strong></span> <span class='ocrx_word' id='word_1_60' title='bbox 898 919 991 985; x_wconf 88' lang='lat' dir='ltr'><strong>litore</strong></span> <span class='ocrx_word' id='word_1_61' title='bbox 1008 921 1212 990; x_wconf 82' lang='lat' dir='ltr'><strong>Macedones.</strong></span> 
     </span>
     <span class='ocr_line' id='line_1_9' title="bbox 140 1003 1213 1092; baseline 0.007 -26"><span class='ocrx_word' id='word_1_62' title='bbox 140 1003 255 1089; x_wconf 85' lang='lat' dir='ltr'><strong>viginti</strong></span> <span class='ocrx_word' id='word_1_63' title='bbox 279 1006 409 1071; x_wconf 77' lang='lat' dir='ltr'><strong>eximite</strong></span> <span class='ocrx_word' id='word_1_64' title='bbox 434 1027 533 1092; x_wconf 89' lang='lat' dir='ltr'><strong>equos</strong></span> <span class='ocrx_word' id='word_1_65' title='bbox 557 1005 669 1070; x_wconf 78' lang='lat' dir='ltr'><strong>formas</strong></span> <span class='ocrx_word' id='word_1_66' title='bbox 695 1027 767 1071; x_wconf 89' lang='lat' dir='ltr'><strong>cum</strong></span> <span class='ocrx_word' id='word_1_67' title='bbox 793 1007 925 1090; x_wconf 81' lang='lat' dir='ltr'><strong>captivis</strong></span> <span class='ocrx_word' id='word_1_68' title='bbox 950 1008 1076 1072; x_wconf 88' lang='lat' dir='ltr'><strong>eosdem</strong></span> <span class='ocrx_word' id='word_1_69' title='bbox 1102 1009 1213 1074; x_wconf 89' lang='lat' dir='ltr'><strong>decem</strong></span> 
     </span>
     <span class='ocr_line' id='line_1_10' title="bbox 140 1089 1212 1194; baseline 0.002 -40"><span class='ocrx_word' id='word_1_70' title='bbox 140 1089 274 1170; x_wconf 86' lang='lat' dir='ltr'><strong>lembos,</strong></span> <span class='ocrx_word' id='word_1_71' title='bbox 296 1114 375 1194; x_wconf 91' lang='lat' dir='ltr'><strong>quos</strong></span> <span class='ocrx_word' id='word_1_72' title='bbox 398 1108 474 1158; x_wconf 85' lang='lat' dir='ltr'><strong>ante</strong></span> <span class='ocrx_word' id='word_1_73' title='bbox 499 1093 637 1166; x_wconf 88' lang='lat' dir='ltr'><strong>miserat,</strong></span> <span class='ocrx_word' id='word_1_74' title='bbox 662 1096 809 1157; x_wconf 81' lang='lat' dir='ltr'><strong>Antenor</strong></span> <span class='ocrx_word' id='word_1_75' title='bbox 830 1092 985 1158; x_wconf 85' lang='lat' dir='ltr'><strong>devehere</strong></span> <span class='ocrx_word' id='word_1_76' title='bbox 1009 1094 1212 1159; x_wconf 66' lang='lat' dir='ltr'><strong>Thessaloni,</strong></span> 
     </span>
     <span class='ocr_line' id='line_1_11' title="bbox 140 1179 1210 1266; baseline 0.005 -24"><span class='ocrx_word' id='word_1_77' title='bbox 140 1198 210 1242; x_wconf 85' lang='lat' dir='ltr'><strong>cam</strong></span> <span class='ocrx_word' id='word_1_78' title='bbox 232 1179 338 1265; x_wconf 83' lang='lat' dir='ltr'><strong>jussit,</strong></span> <span class='ocrx_word' id='word_1_79' title='bbox 359 1192 393 1246; x_wconf 89' lang='lat' dir='ltr'><strong>et</strong></span> <span class='ocrx_word' id='word_1_80' title='bbox 415 1181 522 1266; x_wconf 88' lang='lat' dir='ltr'><strong>primo</strong></span> <span class='ocrx_word' id='word_1_81' title='bbox 543 1201 671 1266; x_wconf 88' lang='lat' dir='ltr'><strong>quoque</strong></span> <span class='ocrx_word' id='word_1_82' title='bbox 693 1193 837 1264; x_wconf 87' lang='lat' dir='ltr'><strong>tempore</strong></span> <span class='ocrx_word' id='word_1_83' title='bbox 858 1179 898 1244; x_wconf 88' lang='lat' dir='ltr'><strong>ad</strong></span> <span class='ocrx_word' id='word_1_84' title='bbox 923 1180 1054 1245; x_wconf 83' lang='lat' dir='ltr'><strong>classem</strong></span> <span class='ocrx_word' id='word_1_85' title='bbox 1076 1183 1210 1248; x_wconf 85' lang='lat' dir='ltr'><strong>reverti:</strong></span> 
     </span>
     <span class='ocr_line' id='line_1_12' title="bbox 140 1263 1211 1351; baseline 0.006 -23"><span class='ocrx_word' id='word_1_86' title='bbox 140 1263 264 1331; x_wconf 85' lang='lat' dir='ltr'><strong>Phanis</strong></span> <span class='ocrx_word' id='word_1_87' title='bbox 286 1289 397 1332; x_wconf 81' lang='lat' dir='ltr'><strong>saeos</strong></span> <span class='ocrx_word' id='word_1_88' title='bbox 419 1277 687 1351; x_wconf 82' lang='lat' dir='ltr'><strong>exspectaturum.</strong></span> <span class='ocrx_word' id='word_1_89' title='bbox 733 1265 894 1332; x_wconf 87' lang='lat' dir='ltr'><strong>Triduum</strong></span> <span class='ocrx_word' id='word_1_90' title='bbox 916 1267 1015 1332; x_wconf 82' lang='lat' dir='ltr'><strong>ferme</strong></span> <span class='ocrx_word' id='word_1_91' title='bbox 1040 1268 1146 1334; x_wconf 89' lang='lat' dir='ltr'><strong>classis</strong></span> <span class='ocrx_word' id='word_1_92' title='bbox 1170 1269 1211 1334; x_wconf 90' lang='lat' dir='ltr'><strong>ad</strong></span> 
     </span>
     <span class='ocr_line' id='line_1_13' title="bbox 138 1351 1211 1439; baseline 0.004 -23"><span class='ocrx_word' id='word_1_93' title='bbox 138 1351 253 1416; x_wconf 87' lang='lat' dir='ltr'><strong>urbem</strong></span> <span class='ocrx_word' id='word_1_94' title='bbox 273 1354 371 1419; x_wconf 86' lang='lat' dir='ltr'><strong>stetit.</strong></span> <span class='ocrx_word' id='word_1_95' title='bbox 417 1353 543 1420; x_wconf 88' lang='lat' dir='ltr'><strong>Phanas</strong></span> <span class='ocrx_word' id='word_1_96' title='bbox 565 1353 641 1417; x_wconf 86' lang='lat' dir='ltr'><strong>inde</strong></span> <span class='ocrx_word' id='word_1_97' title='bbox 664 1375 725 1438; x_wconf 89' lang='lat' dir='ltr'><strong>pro</strong></span> <span class='ocrx_word' id='word_1_98' title='bbox 750 1354 828 1418; x_wconf 88' lang='lat' dir='ltr'><strong>ressi</strong></span> <span class='ocrx_word' id='word_1_99' title='bbox 847 1366 931 1432; x_wconf 85' lang='lat' dir='ltr'><strong>sunt,</strong></span> <span class='ocrx_word' id='word_1_100' title='bbox 947 1366 988 1431; x_wconf 89' lang='lat' dir='ltr'><strong>et,</strong></span> <span class='ocrx_word' id='word_1_101' title='bbox 1004 1377 1059 1439; x_wconf 89' lang='lat' dir='ltr'><strong>spe</strong></span> <span class='ocrx_word' id='word_1_102' title='bbox 1079 1355 1211 1421; x_wconf 88' lang='lat' dir='ltr'><strong>celerius</strong></span> 
     </span>
     <span class='ocr_line' id='line_1_14' title="bbox 136 1376 1212 1536; baseline 0.007 -36"><span class='ocrx_word' id='word_1_103' title='bbox 136 1439 274 1504; x_wconf 85' lang='lat' dir='ltr'><strong>reversis</strong></span> <span class='ocrx_word' id='word_1_104' title='bbox 295 1441 406 1536; x_wconf 77' lang='lat' dir='ltr'><strong>decem</strong></span> <span class='ocrx_word' id='word_1_105' title='bbox 431 1441 553 1520; x_wconf 85' lang='lat' dir='ltr'><strong>lembis,</strong></span> <span class='ocrx_word' id='word_1_106' title='bbox 574 1441 674 1507; x_wconf 86' lang='lat' dir='ltr'><strong>evecti</strong></span> <span class='ocrx_word' id='word_1_107' title='bbox 697 1376 805 1530; x_wconf 66' lang='lat' dir='ltr'><strong>lligeo</strong></span> <span class='ocrx_word' id='word_1_108' title='bbox 827 1440 909 1505; x_wconf 90' lang='lat' dir='ltr'><strong>mari</strong></span> <span class='ocrx_word' id='word_1_109' title='bbox 934 1441 1053 1507; x_wconf 92' lang='lat' dir='ltr'><strong>Delum</strong></span> <span class='ocrx_word' id='word_1_110' title='bbox 1080 1443 1212 1530; x_wconf 85' lang='lat' dir='ltr'><strong>trajece-</strong></span> 
     </span>
     <span class='ocr_line' id='line_1_15' title="bbox 137 1537 228 1590; baseline 0 0"><span class='ocrx_word' id='word_1_111' title='bbox 137 1537 228 1590; x_wconf 88' lang='lat' dir='ltr'><strong>runt.</strong></span> 
     </span>
    </p>

    <p class='ocr_par' dir='ltr' id='par_1_4' title="bbox 137 1611 1373 2222">
     <span class='ocr_line' id='line_1_16' title="bbox 184 1611 1306 1702; baseline -0.003 -25"><span class='ocrx_word' id='word_1_112' title='bbox 184 1612 327 1678; x_wconf 90' lang='lat' dir='ltr'><strong>XXIX.</strong></span> <span class='ocrx_word' id='word_1_113' title='bbox 350 1611 440 1680; x_wconf 90' lang='lat' dir='ltr'><strong>Dum</strong></span> <span class='ocrx_word' id='word_1_114' title='bbox 466 1614 537 1680; x_wconf 80' lang='lat' dir='ltr'><strong>brec</strong></span> <span class='ocrx_word' id='word_1_115' title='bbox 565 1627 731 1700; x_wconf 80' lang='lat' dir='ltr'><strong>geruntur,</strong></span> <span class='ocrx_word' id='word_1_116' title='bbox 753 1614 850 1697; x_wconf 85' lang='lat' dir='ltr'><strong>legati</strong></span> <span class='ocrx_word' id='word_1_117' title='bbox 873 1613 1024 1692; x_wconf 86' lang='lat' dir='ltr'><strong>Romani,</strong></span> <span class='ocrx_word' id='word_1_118' title='bbox 1048 1615 1084 1680; x_wconf 91' lang='lat' dir='ltr'><strong>C.</strong></span> <span class='ocrx_word' id='word_1_119' title='bbox 1101 1613 1306 1702; x_wconf 71' lang='lat' dir='ltr'><strong>Pupil-Legati</strong></span> 
     </span>
     <span class='ocr_line' id='line_1_17' title="bbox 137 1694 1373 1808; baseline 0.003 -46"><span class='ocrx_word' id='word_1_120' title='bbox 137 1698 213 1778; x_wconf 87' lang='lat' dir='ltr'><strong>lius,</strong></span> <span class='ocrx_word' id='word_1_121' title='bbox 230 1713 283 1766; x_wconf 77' lang='lat' dir='ltr'><strong>et²</strong></span> <span class='ocrx_word' id='word_1_122' title='bbox 304 1700 344 1766; x_wconf 89' lang='lat' dir='ltr'><strong>C.</strong></span> <span class='ocrx_word' id='word_1_123' title='bbox 358 1701 535 1780; x_wconf 88' lang='lat' dir='ltr'><strong>Decimius,</strong></span> <span class='ocrx_word' id='word_1_124' title='bbox 554 1713 586 1765; x_wconf 86' lang='lat' dir='ltr'><strong>ct</strong></span> <span class='ocrx_word' id='word_1_125' title='bbox 606 1702 647 1767; x_wconf 87' lang='lat' dir='ltr'><strong>C.</strong></span> <span class='ocrx_word' id='word_1_126' title='bbox 664 1701 836 1780; x_wconf 86' lang='lat' dir='ltr'><strong>Hostilius,</strong></span> <span class='ocrx_word' id='word_1_127' title='bbox 851 1724 871 1765; x_wconf 90' lang='lat' dir='ltr'><strong>a</strong></span> <span class='ocrx_word' id='word_1_128' title='bbox 890 1701 1045 1766; x_wconf 82' lang='lat' dir='ltr'><strong>Chalcide</strong></span> <span class='ocrx_word' id='word_1_129' title='bbox 1066 1694 1373 1808; x_wconf 54' lang='grc' dir='ltr'><strong>ριοῖεοιί,ξῗὶ“υῑὲὲ“·</strong></span> 
     </span>
     <span class='ocr_line' id='line_1_18' title="bbox 138 1775 1354 1875; baseline 0.004 -25"><span class='ocrx_word' id='word_1_130' title='bbox 138 1787 244 1852; x_wconf 88' lang='lat' dir='ltr'><strong>tribus</strong></span> <span class='ocrx_word' id='word_1_131' title='bbox 265 1788 547 1875; x_wconf 82' lang='lat' dir='ltr'><strong>quinqueremibus</strong></span> <span class='ocrx_word' id='word_1_132' title='bbox 569 1788 689 1854; x_wconf 92' lang='lat' dir='ltr'><strong>Delum</strong></span> <span class='ocrx_word' id='word_1_133' title='bbox 713 1811 812 1874; x_wconf 92' lang='lat' dir='ltr'><strong>quum</strong></span> <span class='ocrx_word' id='word_1_134' title='bbox 834 1787 1003 1866; x_wconf 88' lang='lat' dir='ltr'><strong>venissent,</strong></span> <span class='ocrx_word' id='word_1_135' title='bbox 1022 1789 1145 1854; x_wconf 88' lang='lat' dir='ltr'><strong>lembos</strong></span> <span class='ocrx_word' id='word_1_136' title='bbox 1166 1790 1211 1855; x_wconf 91' lang='lat' dir='ltr'><strong>ibi</strong></span> <span class='ocrx_word' id='word_1_137' title='bbox 1232 1775 1249 1806; x_wconf 71' lang='lat'><strong>¹¹</strong></span> <span class='ocrx_word' id='word_1_138' title='bbox 1347 1789 1354 1806; x_wconf 89' lang='lat'>&#39;</span> 
     </span>
     <span class='ocr_line' id='line_1_19' title="bbox 140 1873 1211 1966; baseline 0.004 -28"><span class='ocrx_word' id='word_1_139' title='bbox 140 1873 361 1940; x_wconf 83' lang='lat' dir='ltr'><strong>Macedonum</strong></span> <span class='ocrx_word' id='word_1_140' title='bbox 383 1874 604 1966; x_wconf 84' lang='lat' dir='ltr'><strong>quadraginta,</strong></span> <span class='ocrx_word' id='word_1_141' title='bbox 620 1887 652 1938; x_wconf 88' lang='lat' dir='ltr'><strong>et</strong></span> <span class='ocrx_word' id='word_1_142' title='bbox 672 1877 816 1962; x_wconf 90' lang='lat' dir='ltr'><strong>quinque</strong></span> <span class='ocrx_word' id='word_1_143' title='bbox 837 1875 920 1960; x_wconf 74' lang='lat' dir='ltr'><strong>regis</strong></span> <span class='ocrx_word' id='word_1_144' title='bbox 943 1875 1096 1940; x_wconf 90' lang='lat' dir='ltr'><strong>Eumenis</strong></span> <span class='ocrx_word' id='word_1_145' title='bbox 1118 1879 1211 1963; x_wconf 92' lang='lat' dir='ltr'><strong>quin·</strong></span> 
     </span>
     <span class='ocr_line' id='line_1_20' title="bbox 138 1961 1211 2050; baseline 0.002 -24"><span class='ocrx_word' id='word_1_146' title='bbox 138 1983 305 2048; x_wconf 73' lang='lat' dir='ltr'><strong>queremus</strong></span> <span class='ocrx_word' id='word_1_147' title='bbox 325 1962 526 2029; x_wconf 84' lang='lat' dir='ltr'><strong>invenerunt.</strong></span> <span class='ocrx_word' id='word_1_148' title='bbox 573 1963 731 2027; x_wconf 84' lang='lat' dir='ltr'><strong>Sanctitas</strong></span> <span class='ocrx_word' id='word_1_149' title='bbox 746 1961 858 2048; x_wconf 88' lang='lat' dir='ltr'><strong>templi</strong></span> <span class='ocrx_word' id='word_1_150' title='bbox 879 1962 1055 2050; x_wconf 68' lang='lat' dir='ltr'><strong>insulaeque</strong></span> <span class='ocrx_word' id='word_1_151' title='bbox 1076 1964 1211 2029; x_wconf 87' lang='lat' dir='ltr'><strong>inviola-</strong></span> 
     </span>
     <span class='ocr_line' id='line_1_21' title="bbox 137 2049 1211 2136; baseline 0.004 -22"><span class='ocrx_word' id='word_1_152' title='bbox 137 2061 190 2114; x_wconf 84' lang='lat' dir='ltr'><strong>tos</strong></span> <span class='ocrx_word' id='word_1_153' title='bbox 203 2049 379 2134; x_wconf 81' lang='lat' dir='ltr'><strong>praestabat</strong></span> <span class='ocrx_word' id='word_1_154' title='bbox 394 2071 516 2115; x_wconf 80' lang='lat' dir='ltr'><strong>omnes.</strong></span> <span class='ocrx_word' id='word_1_155' title='bbox 561 2051 675 2136; x_wconf 89' lang='lat' dir='ltr'><strong>Itaque</strong></span> <span class='ocrx_word' id='word_1_156' title='bbox 694 2050 850 2135; x_wconf 86' lang='lat' dir='ltr'><strong>permixti</strong></span> <span class='ocrx_word' id='word_1_157' title='bbox 866 2049 1005 2114; x_wconf 84' lang='lat' dir='ltr'><strong>Romani</strong></span> <span class='ocrx_word' id='word_1_158' title='bbox 1028 2073 1068 2115; x_wconf 89' lang='lat' dir='ltr'><strong>ue</strong></span> <span class='ocrx_word' id='word_1_159' title='bbox 1090 2065 1121 2115; x_wconf 89' lang='lat' dir='ltr'><strong>et</strong></span> <span class='ocrx_word' id='word_1_160' title='bbox 1137 2049 1211 2118; x_wconf 86' lang='lat' dir='ltr'><strong>Ma·</strong></span> 
     </span>
     <span class='ocr_line' id='line_1_22' title="bbox 137 2074 1211 2222; baseline 0.002 -22"><span class='ocrx_word' id='word_1_161' title='bbox 137 2135 275 2200; x_wconf 88' lang='lat' dir='ltr'><strong>cedones</strong></span> <span class='ocrx_word' id='word_1_162' title='bbox 298 2150 329 2201; x_wconf 89' lang='lat' dir='ltr'><strong>et</strong></span> <span class='ocrx_word' id='word_1_163' title='bbox 350 2135 504 2202; x_wconf 85' lang='lat' dir='ltr'><strong>Eumenis</strong></span> <span class='ocrx_word' id='word_1_164' title='bbox 528 2136 653 2202; x_wconf 89' lang='lat' dir='ltr'><strong>navales</strong></span> <span class='ocrx_word' id='word_1_165' title='bbox 673 2137 749 2201; x_wconf 90' lang='lat' dir='ltr'><strong>socii</strong></span> <span class='ocrx_word' id='word_1_166' title='bbox 770 2137 803 2200; x_wconf 91' lang='lat' dir='ltr'><strong>in</strong></span> <span class='ocrx_word' id='word_1_167' title='bbox 826 2135 956 2222; x_wconf 89' lang='lat' dir='ltr'><strong>templo,</strong></span> <span class='ocrx_word' id='word_1_168' title='bbox 972 2074 1117 2202; x_wconf 71' lang='lat' dir='ltr'><strong>inducias</strong></span> <span class='ocrx_word' id='word_1_169' title='bbox 1139 2138 1211 2202; x_wconf 91' lang='lat' dir='ltr'><strong>reli-</strong></span> 
     </span>
    </p>

    <p class='ocr_par' dir='ltr' id='par_1_5' title="bbox 162 2222 1211 2310">
     <span class='ocr_line' id='line_1_23' title="bbox 162 2222 1211 2310; baseline 0.003 -24"><span class='ocrx_word' id='word_1_170' title='bbox 162 2223 237 2286; x_wconf 84' lang='lat' dir='ltr'><strong>&#39;one</strong></span> <span class='ocrx_word' id='word_1_171' title='bbox 259 2222 323 2288; x_wconf 90' lang='lat' dir='ltr'><strong>loci</strong></span> <span class='ocrx_word' id='word_1_172' title='bbox 350 2223 524 2310; x_wconf 80' lang='lat' dir='ltr'><strong>praebente,</strong></span> <span class='ocrx_word' id='word_1_173' title='bbox 548 2223 765 2289; x_wconf 75' lang='lat' dir='ltr'><strong>versabantur.</strong></span> <span class='ocrx_word' id='word_1_174' title='bbox 812 2225 970 2302; x_wconf 83' lang='lat' dir='ltr'><strong>Antenor,</strong></span> <span class='ocrx_word' id='word_1_175' title='bbox 995 2223 1101 2288; x_wconf 86' lang='lat' dir='ltr'><strong>Persei</strong></span> <span class='ocrx_word' id='word_1_176' title='bbox 1125 2246 1211 2308; x_wconf 73' lang='lat' dir='ltr'><strong>prae·</strong></span> 
     </span>
    </p>

    <p class='ocr_par' dir='ltr' id='par_1_6' title="bbox 149 2309 1211 2398">
     <span class='ocr_line' id='line_1_24' title="bbox 149 2309 1211 2398; baseline 0 -24"><span class='ocrx_word' id='word_1_177' title='bbox 149 2322 249 2388; x_wconf 87' lang='lat' dir='ltr'><strong>ectus,</strong></span> <span class='ocrx_word' id='word_1_178' title='bbox 265 2332 363 2394; x_wconf 91' lang='lat' dir='ltr'><strong>quum</strong></span> <span class='ocrx_word' id='word_1_179' title='bbox 380 2310 502 2398; x_wconf 90' lang='lat' dir='ltr'><strong>aliquas</strong></span> <span class='ocrx_word' id='word_1_180' title='bbox 518 2310 618 2376; x_wconf 77' lang='lat' dir='ltr'><strong>⁶⁰alto</strong></span> <span class='ocrx_word' id='word_1_181' title='bbox 633 2309 777 2396; x_wconf 73' lang='lat' dir='ltr'><strong>praeferri</strong></span> <span class='ocrx_word' id='word_1_182' title='bbox 791 2310 952 2374; x_wconf 83' lang='lat' dir='ltr'><strong>onerarias</strong></span> <span class='ocrx_word' id='word_1_183' title='bbox 971 2332 1065 2374; x_wconf 85' lang='lat' dir='ltr'><strong>naves</strong></span> <span class='ocrx_word' id='word_1_184' title='bbox 1080 2333 1121 2374; x_wconf 84' lang='lat' dir='ltr'><strong>ex</strong></span> <span class='ocrx_word' id='word_1_185' title='bbox 1138 2333 1211 2395; x_wconf 93' lang='lat' dir='ltr'><strong>spe·</strong></span> 
     </span>
    </p>

    <p class='ocr_par' dir='ltr' id='par_1_7' title="bbox 137 2394 1210 2484">
     <span class='ocr_line' id='line_1_25' title="bbox 137 2394 1210 2484; baseline -0.001 -23"><span class='ocrx_word' id='word_1_186' title='bbox 137 2395 219 2462; x_wconf 85' lang='lat' dir='ltr'><strong>culis</strong></span> <span class='ocrx_word' id='word_1_187' title='bbox 249 2397 464 2484; x_wconf 85' lang='lat' dir='ltr'><strong>significatum</strong></span> <span class='ocrx_word' id='word_1_188' title='bbox 494 2401 587 2475; x_wconf 87' lang='lat' dir='ltr'><strong>foret,</strong></span> <span class='ocrx_word' id='word_1_189' title='bbox 614 2410 707 2482; x_wconf 87' lang='lat' dir='ltr'><strong>parte</strong></span> <span class='ocrx_word' id='word_1_190' title='bbox 734 2394 912 2460; x_wconf 87' lang='lat' dir='ltr'><strong>lemborum</strong></span> <span class='ocrx_word' id='word_1_191' title='bbox 939 2397 1008 2481; x_wconf 90' lang='lat' dir='ltr'><strong>ipse</strong></span> <span class='ocrx_word' id='word_1_192' title='bbox 1032 2397 1210 2483; x_wconf 86' lang='lat' dir='ltr'><strong>insequens,</strong></span> 
     </span>
    </p>

    <p class='ocr_par' dir='ltr' id='par_1_8' title="bbox 18 2482 1211 2572">
     <span class='ocr_line' id='line_1_26' title="bbox 18 2482 1211 2572; baseline 0.002 -25"><span class='ocrx_word' id='word_1_193' title='bbox 18 2505 19 2516; x_wconf 57' lang='lat'>¹</span> <span class='ocrx_word' id='word_1_194' title='bbox 137 2497 230 2568; x_wconf 84' lang='lat' dir='ltr'><strong>parte</strong></span> <span class='ocrx_word' id='word_1_195' title='bbox 254 2482 312 2570; x_wconf 85' lang='lat' dir='ltr'><strong>per</strong></span> <span class='ocrx_word' id='word_1_196' title='bbox 327 2485 482 2572; x_wconf 85' lang='lat' dir='ltr'><strong>Cycladas</strong></span> <span class='ocrx_word' id='word_1_197' title='bbox 496 2483 659 2570; x_wconf 83' lang='lat' dir='ltr'><strong>disposita,</strong></span> <span class='ocrx_word' id='word_1_198' title='bbox 674 2494 888 2570; x_wconf 84' lang='lat' dir='ltr'><strong>praeterquam</strong></span> <span class='ocrx_word' id='word_1_199' title='bbox 911 2483 1032 2569; x_wconf 84' lang='lat' dir='ltr'><strong>siquae</strong></span> <span class='ocrx_word' id='word_1_200' title='bbox 1055 2483 1211 2548; x_wconf 87' lang='lat' dir='ltr'><strong>Macedo·</strong></span> 
     </span>
    </p>

    <p class='ocr_par' dir='ltr' id='par_1_9' title="bbox 136 2569 1210 2658">
     <span class='ocr_line' id='line_1_27' title="bbox 136 2569 1210 2658; baseline 0.001 -24"><span class='ocrx_word' id='word_1_201' title='bbox 136 2569 225 2635; x_wconf 85' lang='lat' dir='ltr'><strong>niam</strong></span> <span class='ocrx_word' id='word_1_202' title='bbox 241 2583 394 2657; x_wconf 87' lang='lat' dir='ltr'><strong>peterent,</strong></span> <span class='ocrx_word' id='word_1_203' title='bbox 410 2593 522 2636; x_wconf 91' lang='lat' dir='ltr'><strong>omnes</strong></span> <span class='ocrx_word' id='word_1_204' title='bbox 539 2584 594 2635; x_wconf 87' lang='lat' dir='ltr'><strong>aut</strong></span> <span class='ocrx_word' id='word_1_205' title='bbox 616 2569 845 2656; x_wconf 87' lang='lat' dir='ltr'><strong>subprimebat,</strong></span> <span class='ocrx_word' id='word_1_206' title='bbox 861 2583 917 2634; x_wconf 87' lang='lat' dir='ltr'><strong>aut</strong></span> <span class='ocrx_word' id='word_1_207' title='bbox 933 2569 1090 2658; x_wconf 86' lang='lat' dir='ltr'><strong>spoliabat</strong></span> <span class='ocrx_word' id='word_1_208' title='bbox 1104 2591 1210 2636; x_wconf 85' lang='lat' dir='ltr'><strong>naves.</strong></span> 
     </span>
    </p>

    <p class='ocr_par' dir='ltr' id='par_1_10' title="bbox 135 2657 1209 2744">
     <span class='ocr_line' id='line_1_28' title="bbox 135 2657 1209 2744; baseline 0 -22"><span class='ocrx_word' id='word_1_209' title='bbox 135 2657 162 2698; x_wconf 79' lang='lat'><strong>⁶¹</strong></span> <span class='ocrx_word' id='word_1_210' title='bbox 171 2657 290 2744; x_wconf 85' lang='lat' dir='ltr'><strong>quibus</strong></span> <span class='ocrx_word' id='word_1_211' title='bbox 304 2671 439 2743; x_wconf 85' lang='lat' dir='ltr'><strong>poterat,</strong></span> <span class='ocrx_word' id='word_1_212' title='bbox 457 2657 613 2744; x_wconf 89' lang='lat' dir='ltr'><strong>Popillius</strong></span> <span class='ocrx_word' id='word_1_213' title='bbox 632 2670 687 2723; x_wconf 91' lang='lat' dir='ltr'><strong>aut</strong></span> <span class='ocrx_word' id='word_1_214' title='bbox 702 2659 856 2722; x_wconf 88' lang='lat' dir='ltr'><strong>Eumenis</strong></span> <span class='ocrx_word' id='word_1_215' title='bbox 870 2678 968 2722; x_wconf 88' lang='lat' dir='ltr'><strong>naves</strong></span> <span class='ocrx_word' id='word_1_216' title='bbox 982 2657 1209 2723; x_wconf 82' lang='lat' dir='ltr'><strong>subcurrebatr</strong></span> 
     </span>
    </p>

    <p class='ocr_par' dir='ltr' id='par_1_11' title="bbox 22 2743 1211 2830">
     <span class='ocr_line' id='line_1_29' title="bbox 22 2743 1211 2830; baseline 0.003 -24"><span class='ocrx_word' id='word_1_217' title='bbox 22 2797 25 2806; x_wconf 62' lang='lat'><strong>.</strong></span> <span class='ocrx_word' id='word_1_218' title='bbox 136 2744 164 2784; x_wconf 60' lang='grc' dir='ltr'><strong>θ’</strong></span> <span class='ocrx_word' id='word_1_219' title='bbox 175 2746 231 2811; x_wconf 89' lang='lat' dir='ltr'><strong>sed</strong></span> <span class='ocrx_word' id='word_1_220' title='bbox 246 2747 327 2811; x_wconf 83' lang='lat' dir='ltr'><strong>vecti</strong></span> <span class='ocrx_word' id='word_1_221' title='bbox 342 2761 436 2812; x_wconf 90' lang='lat' dir='ltr'><strong>nocte</strong></span> <span class='ocrx_word' id='word_1_222' title='bbox 459 2746 543 2810; x_wconf 91' lang='lat' dir='ltr'><strong>binis</strong></span> <span class='ocrx_word' id='word_1_223' title='bbox 562 2757 618 2810; x_wconf 91' lang='lat' dir='ltr'><strong>aut</strong></span> <span class='ocrx_word' id='word_1_224' title='bbox 638 2745 736 2809; x_wconf 87' lang='lat' dir='ltr'><strong>ternis</strong></span> <span class='ocrx_word' id='word_1_225' title='bbox 760 2744 949 2830; x_wconf 90' lang='lat' dir='ltr'><strong>plerumque</strong></span> <span class='ocrx_word' id='word_1_226' title='bbox 970 2743 1211 2824; x_wconf 83' lang='lat' dir='ltr'><strong>lembisMace·</strong></span> 
     </span>
    </p>

    <p class='ocr_par' dir='ltr' id='par_1_12' title="bbox 138 2830 1211 2920">
     <span class='ocr_line' id='line_1_30' title="bbox 138 2830 1211 2920; baseline -0.001 -24"><span class='ocrx_word' id='word_1_227' title='bbox 138 2831 239 2900; x_wconf 86' lang='lat' dir='ltr'><strong>dones</strong></span> <span class='ocrx_word' id='word_1_228' title='bbox 253 2831 415 2899; x_wconf 87' lang='lat' dir='ltr'><strong>fallebant.</strong></span> <span class='ocrx_word' id='word_1_229' title='bbox 461 2833 521 2898; x_wconf 91' lang='lat' dir='ltr'><strong>Per</strong></span> <span class='ocrx_word' id='word_1_230' title='bbox 536 2831 570 2898; x_wconf 93' lang='lat' dir='ltr'><strong>id</strong></span> <span class='ocrx_word' id='word_1_231' title='bbox 589 2831 655 2897; x_wconf 83' lang='lat' dir='ltr'><strong>lere</strong></span> <span class='ocrx_word' id='word_1_232' title='bbox 669 2844 795 2916; x_wconf 91' lang='lat' dir='ltr'><strong>tempus</strong></span> <span class='ocrx_word' id='word_1_233' title='bbox 809 2830 906 2919; x_wconf 86' lang='lat' dir='ltr'><strong>legati</strong></span> <span class='ocrx_word' id='word_1_234' title='bbox 923 2831 1117 2897; x_wconf 84' lang='lat' dir='ltr'><strong>Macedones</strong></span> <span class='ocrx_word' id='word_1_235' title='bbox 1134 2831 1211 2920; x_wconf 82' lang='lat' dir='ltr'><strong>llly-</strong></span> 
     </span>
    </p>

    <p class='ocr_par' dir='ltr' id='par_1_13' title="bbox 137 2917 1212 3006">
     <span class='ocr_line' id='line_1_31' title="bbox 137 2917 1212 3006; baseline 0.002 -22"><span class='ocrx_word' id='word_1_236' title='bbox 137 2920 242 3006; x_wconf 87' lang='lat' dir='ltr'><strong>riique</strong></span> <span class='ocrx_word' id='word_1_237' title='bbox 256 2921 350 2986; x_wconf 87' lang='lat' dir='ltr'><strong>simul</strong></span> <span class='ocrx_word' id='word_1_238' title='bbox 366 2919 519 2986; x_wconf 90' lang='lat' dir='ltr'><strong>Rhodum</strong></span> <span class='ocrx_word' id='word_1_239' title='bbox 535 2932 700 2996; x_wconf 86' lang='lat' dir='ltr'><strong>venerunt,</strong></span> <span class='ocrx_word' id='word_1_240' title='bbox 716 2919 831 3004; x_wconf 91' lang='lat' dir='ltr'><strong>quibus</strong></span> <span class='ocrx_word' id='word_1_241' title='bbox 846 2917 1066 2986; x_wconf 88' lang='lat' dir='ltr'><strong>auctoritatem</strong></span> <span class='ocrx_word' id='word_1_242' title='bbox 1087 2919 1212 2986; x_wconf 86' lang='lat' dir='ltr'><strong>addidit</strong></span> 
     </span>
    </p>

    <p class='ocr_par' dir='ltr' id='par_1_14' title="bbox 136 3005 1211 3094">
     <span class='ocr_line' id='line_1_32' title="bbox 136 3005 1211 3094; baseline 0.002 -24"><span class='ocrx_word' id='word_1_243' title='bbox 136 3027 203 3070; x_wconf 88' lang='lat' dir='ltr'><strong>non</strong></span> <span class='ocrx_word' id='word_1_244' title='bbox 226 3005 404 3073; x_wconf 91' lang='lat' dir='ltr'><strong>lemborum</strong></span> <span class='ocrx_word' id='word_1_245' title='bbox 430 3006 527 3072; x_wconf 90' lang='lat' dir='ltr'><strong>modo</strong></span> <span class='ocrx_word' id='word_1_246' title='bbox 541 3005 706 3088; x_wconf 86' lang='lat' dir='ltr'><strong>adventus,</strong></span> <span class='ocrx_word' id='word_1_247' title='bbox 721 3005 838 3090; x_wconf 87' lang='lat' dir='ltr'><strong>passim</strong></span> <span class='ocrx_word' id='word_1_248' title='bbox 863 3026 920 3092; x_wconf 86' lang='lat' dir='ltr'><strong>per</strong></span> <span class='ocrx_word' id='word_1_249' title='bbox 937 3005 1094 3090; x_wconf 86' lang='lat' dir='ltr'><strong>Cycladas</strong></span> <span class='ocrx_word' id='word_1_250' title='bbox 1116 3020 1211 3094; x_wconf 88' lang='lat' dir='ltr'><strong>atque</strong></span> 
     </span>
    </p>

    <p class='ocr_par' dir='ltr' id='par_1_15' title="bbox 136 3089 1211 3182">
     <span class='ocr_line' id='line_1_33' title="bbox 136 3089 1211 3182; baseline 0 -24"><span class='ocrx_word' id='word_1_251' title='bbox 136 3089 290 3182; x_wconf 81' lang='lat' dir='ltr'><strong>AEgoeum</strong></span> <span class='ocrx_word' id='word_1_252' title='bbox 305 3092 488 3182; x_wconf 84' lang='lat' dir='ltr'><strong>vagantium</strong></span> <span class='ocrx_word' id='word_1_253' title='bbox 511 3115 607 3169; x_wconf 86' lang='lat' dir='ltr'><strong>mare,</strong></span> <span class='ocrx_word' id='word_1_254' title='bbox 624 3092 679 3157; x_wconf 89' lang='lat' dir='ltr'><strong>sed</strong></span> <span class='ocrx_word' id='word_1_255' title='bbox 701 3093 797 3156; x_wconf 86' lang='lat' dir='ltr'><strong>etiarn</strong></span> <span class='ocrx_word' id='word_1_256' title='bbox 813 3091 996 3178; x_wconf 88' lang='lat' dir='ltr'><strong>conjunctio</strong></span> <span class='ocrx_word' id='word_1_257' title='bbox 1011 3093 1079 3178; x_wconf 90' lang='lat' dir='ltr'><strong>ipsa</strong></span> <span class='ocrx_word' id='word_1_258' title='bbox 1098 3115 1211 3180; x_wconf 85' lang='lat' dir='ltr'><strong>regum</strong></span> 
     </span>
    </p>

    <p class='ocr_par' dir='ltr' id='par_1_16' title="bbox 140 3179 1211 3269">
     <span class='ocr_line' id='line_1_34' title="bbox 140 3179 1211 3269; baseline -0.004 -21"><span class='ocrx_word' id='word_1_259' title='bbox 140 3181 250 3248; x_wconf 87' lang='lat' dir='ltr'><strong>Persei</strong></span> <span class='ocrx_word' id='word_1_260' title='bbox 273 3182 455 3269; x_wconf 90' lang='lat' dir='ltr'><strong>Gentiiqne,</strong></span> <span class='ocrx_word' id='word_1_261' title='bbox 482 3179 624 3248; x_wconf 82' lang='lat' dir='ltr'><strong>etfama</strong></span> <span class='ocrx_word' id='word_1_262' title='bbox 652 3201 724 3243; x_wconf 91' lang='lat' dir='ltr'><strong>cum</strong></span> <span class='ocrx_word' id='word_1_263' title='bbox 753 3200 874 3266; x_wconf 77' lang='lat' dir='ltr'><strong>magno</strong></span> <span class='ocrx_word' id='word_1_264' title='bbox 902 3199 1038 3242; x_wconf 90' lang='lat' dir='ltr'><strong>numero</strong></span> <span class='ocrx_word' id='word_1_265' title='bbox 1065 3179 1211 3263; x_wconf 89' lang='lat' dir='ltr'><strong>peditum</strong></span> 
     </span>
    </p>

    <p class='ocr_par' dir='ltr' id='par_1_17' title="bbox 137 3264 1213 3358">
     <span class='ocr_line' id='line_1_35' title="bbox 137 3264 1213 3358; baseline -0.003 -24"><span class='ocrx_word' id='word_1_266' title='bbox 137 3267 346 3358; x_wconf 84' lang='lat' dir='ltr'><strong>equitumque</strong></span> <span class='ocrx_word' id='word_1_267' title='bbox 359 3266 553 3332; x_wconf 89' lang='lat' dir='ltr'><strong>venientium</strong></span> <span class='ocrx_word' id='word_1_268' title='bbox 570 3264 753 3330; x_wconf 89' lang='lat' dir='ltr'><strong>Gallorum.</strong></span> <span class='ocrx_word' id='word_1_269' title='bbox 797 3266 843 3330; x_wconf 84' lang='lat' dir='ltr'><strong>Et</strong></span> <span class='ocrx_word' id='word_1_270' title='bbox 860 3265 928 3350; x_wconf 92' lang='lat' dir='ltr'><strong>jam</strong></span> <span class='ocrx_word' id='word_1_271' title='bbox 943 3285 1042 3352; x_wconf 92' lang='lat' dir='ltr'><strong>quum</strong></span> <span class='ocrx_word' id='word_1_272' title='bbox 1061 3266 1213 3331; x_wconf 56' lang='lat' dir='ltr'><strong>accessis*</strong></span> 
     </span>
    </p>

    <p class='ocr_par' dir='ltr' id='par_1_18' title="bbox 137 3351 1211 3438">
     <span class='ocr_line' id='line_1_36' title="bbox 137 3351 1211 3438; baseline -0.007 -14"><span class='ocrx_word' id='word_1_273' title='bbox 137 3367 209 3424; x_wconf 77' lang='lat' dir='ltr'><strong>serit</strong></span> <span class='ocrx_word' id='word_1_274' title='bbox 225 3355 325 3422; x_wconf 86' lang='lat' dir='ltr'><strong>animi</strong></span> <span class='ocrx_word' id='word_1_275' title='bbox 350 3355 478 3420; x_wconf 88' lang='lat' dir='ltr'><strong>Dinoni·</strong></span> <span class='ocrx_word' id='word_1_276' title='bbox 494 3374 531 3418; x_wconf 92' lang='lat' dir='ltr'><strong>ac</strong></span> <span class='ocrx_word' id='word_1_277' title='bbox 547 3351 731 3438; x_wconf 85' lang='lat' dir='ltr'><strong>Polyarato,</strong></span> <span class='ocrx_word' id='word_1_278' title='bbox 747 3351 802 3438; x_wconf 91' lang='lat' dir='ltr'><strong>qui</strong></span> <span class='ocrx_word' id='word_1_279' title='bbox 818 3351 925 3416; x_wconf 86' lang='lat' dir='ltr'><strong>Persei</strong></span> <span class='ocrx_word' id='word_1_280' title='bbox 945 3353 1085 3437; x_wconf 88' lang='lat' dir='ltr'><strong>partium</strong></span> <span class='ocrx_word' id='word_1_281' title='bbox 1108 3364 1211 3434; x_wconf 89' lang='lat' dir='ltr'><strong>erant,</strong></span> 
     </span>
    </p>

    <p class='ocr_par' dir='ltr' id='par_1_19' title="bbox 138 3437 1212 3530">
     <span class='ocr_line' id='line_1_37' title="bbox 138 3437 1212 3530; baseline -0.004 -23"><span class='ocrx_word' id='word_1_282' title='bbox 138 3463 204 3508; x_wconf 91' lang='lat' dir='ltr'><strong>non</strong></span> <span class='ocrx_word' id='word_1_283' title='bbox 219 3441 358 3530; x_wconf 87' lang='lat' dir='ltr'><strong>benigne</strong></span> <span class='ocrx_word' id='word_1_284' title='bbox 379 3441 477 3508; x_wconf 89' lang='lat' dir='ltr'><strong>modo</strong></span> <span class='ocrx_word' id='word_1_285' title='bbox 499 3460 688 3526; x_wconf 85' lang='lat' dir='ltr'><strong>responsum</strong></span> <span class='ocrx_word' id='word_1_286' title='bbox 710 3437 839 3525; x_wconf 84' lang='lat' dir='ltr'><strong>regibus</strong></span> <span class='ocrx_word' id='word_1_287' title='bbox 854 3451 912 3516; x_wconf 88' lang='lat' dir='ltr'><strong>est,</strong></span> <span class='ocrx_word' id='word_1_288' title='bbox 928 3437 984 3502; x_wconf 89' lang='lat' dir='ltr'><strong>sed</strong></span> <span class='ocrx_word' id='word_1_289' title='bbox 1006 3438 1112 3524; x_wconf 84' lang='lat' dir='ltr'><strong>palam</strong></span> <span class='ocrx_word' id='word_1_290' title='bbox 1135 3461 1212 3524; x_wconf 89' lang='lat' dir='ltr'><strong>pro·</strong></span> 
     </span>
    </p>

    <p class='ocr_par' dir='ltr' id='par_1_20' title="bbox 135 3525 1211 3611">
     <span class='ocr_line' id='line_1_38' title="bbox 135 3525 1211 3611; baseline -0.006 -17"><span class='ocrx_word' id='word_1_291' title='bbox 135 3530 336 3607; x_wconf 88' lang='lat' dir='ltr'><strong>nunciatum,</strong></span> <span class='ocrx_word' id='word_1_292' title='bbox 351 3528 533 3610; x_wconf 79' lang='lat' dir='ltr'><strong>belhrfinem</strong></span> <span class='ocrx_word' id='word_1_293' title='bbox 546 3549 579 3592; x_wconf 85' lang='lat' dir='ltr'><strong>se</strong></span> <span class='ocrx_word' id='word_1_294' title='bbox 592 3527 780 3590; x_wconf 82' lang='lat' dir='ltr'><strong>auctoritate</strong></span> <span class='ocrx_word' id='word_1_295' title='bbox 791 3547 848 3592; x_wconf 84' lang='lat' dir='ltr'><strong>sun</strong></span> <span class='ocrx_word' id='word_1_296' title='bbox 859 3525 1048 3611; x_wconf 80' lang='lat' dir='ltr'><strong>inposituros</strong></span> <span class='ocrx_word' id='word_1_297' title='bbox 1061 3547 1133 3590; x_wconf 86' lang='lat' dir='ltr'><strong>esse.</strong></span> <span class='ocrx_word' id='word_1_298' title='bbox 1149 3528 1211 3589; x_wconf 84' lang='lat' dir='ltr'><strong>ito·</strong></span> 
     </span>
    </p>

    <p class='ocr_par' dir='ltr' id='par_1_21' title="bbox 136 3613 1213 3768">
     <span class='ocr_line' id='line_1_39' title="bbox 136 3613 1213 3702; baseline 0 -24"><span class='ocrx_word' id='word_1_299' title='bbox 136 3639 196 3702; x_wconf 80' lang='lat' dir='ltr'><strong>que</strong></span> <span class='ocrx_word' id='word_1_300' title='bbox 209 3617 273 3699; x_wconf 82' lang='lat' dir='ltr'><strong>ipsi</strong></span> <span class='ocrx_word' id='word_1_301' title='bbox 286 3637 403 3702; x_wconf 81' lang='lat' dir='ltr'><strong>quoque</strong></span> <span class='ocrx_word' id='word_1_302' title='bbox 416 3637 502 3702; x_wconf 80' lang='lat' dir='ltr'><strong>reges</strong></span> <span class='ocrx_word' id='word_1_303' title='bbox 511 3635 613 3700; x_wconf 75' lang='lat' dir='ltr'><strong>equos</strong></span> <span class='ocrx_word' id='word_1_304' title='bbox 627 3613 808 3680; x_wconf 76' lang='lat' dir='ltr'><strong>adhiberent</strong></span> <span class='ocrx_word' id='word_1_305' title='bbox 822 3614 941 3678; x_wconf 85' lang='lat' dir='ltr'><strong>animos</strong></span> <span class='ocrx_word' id='word_1_306' title='bbox 955 3614 999 3676; x_wconf 82' lang='lat' dir='ltr'><strong>ad</strong></span> <span class='ocrx_word' id='word_1_307' title='bbox 1008 3634 1118 3698; x_wconf 83' lang='lat' dir='ltr'><strong>pacem</strong></span> <span class='ocrx_word' id='word_1_308' title='bbox 1132 3613 1213 3678; x_wconf 84' lang='lat' dir='ltr'><strong>acci-</strong></span> 
     </span>
     <span class='ocr_line' id='line_1_40' title="bbox 159 3704 292 3768; baseline -0.008 0"><span class='ocrx_word' id='word_1_309' title='bbox 159 3704 292 3768; x_wconf 83' lang='lat' dir='ltr'><strong>iendarr.</strong></span> 
     </span>
    </p>

    <p class='ocr_par' dir='ltr' id='par_1_22' title="bbox 129 3725 1212 3874">
     <span class='ocr_line' id='line_1_41' title="bbox 129 3725 1212 3874; baseline -0.005 -20"><span class='ocrx_word' id='word_1_310' title='bbox 129 3725 157 3788; x_wconf 62' lang='lat' dir='ltr'><em>p</em></span> <span class='ocrx_word' id='word_1_311' title='bbox 181 3789 302 3854; x_wconf 91' lang='lat' dir='ltr'><strong>XXX.</strong></span> <span class='ocrx_word' id='word_1_312' title='bbox 325 3785 429 3853; x_wconf 69' lang='lat' dir='ltr'><strong>“Jant</strong></span> <span class='ocrx_word' id='word_1_313' title='bbox 456 3787 547 3852; x_wconf 66' lang='lat' dir='ltr'><strong>veris⁴</strong></span> <span class='ocrx_word' id='word_1_314' title='bbox 567 3787 760 3873; x_wconf 90' lang='lat' dir='ltr'><strong>principium</strong></span> <span class='ocrx_word' id='word_1_315' title='bbox 786 3798 862 3863; x_wconf 86' lang='lat' dir='ltr'><strong>erat,</strong></span> <span class='ocrx_word' id='word_1_316' title='bbox 889 3785 1027 3874; x_wconf 82' lang='lat' dir='ltr'><strong>novique</strong></span> <span class='ocrx_word' id='word_1_317' title='bbox 1057 3785 1153 3850; x_wconf 89' lang='lat' dir='ltr'><strong>duces</strong></span> <span class='ocrx_word' id='word_1_318' title='bbox 1178 3786 1212 3850; x_wconf 90' lang='lat' dir='ltr'><strong>in</strong></span> 
     </span>
    </p>

    <p class='ocr_par' dir='ltr' id='par_1_23' title="bbox 582 3893 768 3942">
     <span class='ocr_line' id='line_1_42' title="bbox 582 3893 768 3942; baseline -0.011 0"><span class='ocrx_word' id='word_1_319' title='bbox 582 3895 597 3926; x_wconf 80' lang='lat'>¹</span> <span class='ocrx_word' id='word_1_320' title='bbox 606 3897 629 3942; x_wconf 78' lang='lat' dir='ltr'><strong>st</strong></span> <span class='ocrx_word' id='word_1_321' title='bbox 638 3894 685 3942; x_wconf 81' lang='lat' dir='ltr'><strong>del.</strong></span> <span class='ocrx_word' id='word_1_322' title='bbox 698 3893 768 3942; x_wconf 78' lang='lat' dir='ltr'><strong>cres.</strong></span> 
     </span>
    </p>
   </div>
   <div class='ocr_carea' id='block_1_4' title="bbox 133 3988 1215 4511">
    <p class='ocr_par' dir='ltr' id='par_1_24' title="bbox 133 3988 1215 4511">
     <span class='ocr_line' id='line_1_43' title="bbox 170 3988 1215 4054; baseline -0.007 -11"><span class='ocrx_word' id='word_1_323' title='bbox 170 3993 204 4042; x_wconf 78' lang='grc'><strong>69</strong></span> <span class='ocrx_word' id='word_1_324' title='bbox 231 3991 329 4042; x_wconf 80' lang='lat' dir='ltr'><strong>Neruae</strong></span> <span class='ocrx_word' id='word_1_325' title='bbox 353 3989 512 4054; x_wconf 74' lang='lat' dir='ltr'><strong>moetdcruntl</strong></span> <span class='ocrx_word' id='word_1_326' title='bbox 540 3991 661 4054; x_wconf 77' lang='lat' dir='ltr'><strong>intelligi·</strong></span> <span class='ocrx_word' id='word_1_327' title='bbox 692 4003 751 4037; x_wconf 88' lang='lat' dir='ltr'><strong>cnm</strong></span> <span class='ocrx_word' id='word_1_328' title='bbox 772 3988 895 4035; x_wconf 86' lang='lat' dir='ltr'><strong>Gronovio</strong></span> <span class='ocrx_word' id='word_1_329' title='bbox 916 3991 1026 4050; x_wconf 74' lang='lat' dir='ltr'><strong>potrmm</strong></span> <span class='ocrx_word' id='word_1_330' title='bbox 1046 3993 1072 4034; x_wconf 87' lang='lat' dir='ltr'><strong>et</strong></span> <span class='ocrx_word' id='word_1_331' title='bbox 1094 4001 1215 4036; x_wconf 73' lang='lat' dir='ltr'><strong>measse·</strong></span> 
     </span>
     <span class='ocr_line' id='line_1_44' title="bbox 136 4053 980 4122; baseline -0.009 -14"><span class='ocrx_word' id='word_1_332' title='bbox 136 4073 195 4108; x_wconf 88' lang='lat' dir='ltr'><strong>rnus</strong></span> <span class='ocrx_word' id='word_1_333' title='bbox 216 4067 304 4107; x_wconf 84' lang='lat' dir='ltr'><strong>nervos</strong></span> <span class='ocrx_word' id='word_1_334' title='bbox 322 4059 454 4122; x_wconf 83' lang='lat' dir='ltr'><strong>poplitum,</strong></span> <span class='ocrx_word' id='word_1_335' title='bbox 467 4063 497 4104; x_wconf 88' lang='lat' dir='ltr'><strong>nt</strong></span> <span class='ocrx_word' id='word_1_336' title='bbox 514 4069 589 4118; x_wconf 83' lang='lat' dir='ltr'><strong>supra</strong></span> <span class='ocrx_word' id='word_1_337' title='bbox 604 4053 659 4120; x_wconf 83' lang='lat' dir='ltr'><strong>jam</strong></span> <span class='ocrx_word' id='word_1_338' title='bbox 692 4055 757 4102; x_wconf 73' lang='lat' dir='ltr'><strong>tant.</strong></span> <span class='ocrx_word' id='word_1_339' title='bbox 977 4063 980 4072; x_wconf 90' lang='grc'><strong><em>·</em></strong></span> 
     </span>
     <span class='ocr_line' id='line_1_45' title="bbox 137 4116 1214 4188; baseline -0.006 -15"><span class='ocrx_word' id='word_1_340' title='bbox 137 4125 324 4188; x_wconf 82' lang='lat' dir='ltr'><strong>exposuimusl.</strong></span> <span class='ocrx_word' id='word_1_341' title='bbox 337 4123 477 4172; x_wconf 84' lang='lat' dir='ltr'><strong>xxxvn.</strong></span> <span class='ocrx_word' id='word_1_342' title='bbox 487 4136 510 4170; x_wconf 87' lang='lat' dir='ltr'><strong>c.</strong></span> <span class='ocrx_word' id='word_1_343' title='bbox 521 4120 561 4169; x_wconf 77' lang='lat'><strong>42.</strong></span> <span class='ocrx_word' id='word_1_344' title='bbox 724 4120 757 4167; x_wconf 77' lang='lat'><strong>62</strong></span> <span class='ocrx_word' id='word_1_345' title='bbox 773 4118 821 4166; x_wconf 78' lang='lat' dir='ltr'><strong>Sed</strong></span> <span class='ocrx_word' id='word_1_346' title='bbox 835 4119 895 4165; x_wconf 75' lang='lat' dir='ltr'><strong>mett</strong></span> <span class='ocrx_word' id='word_1_347' title='bbox 910 4116 987 4180; x_wconf 76' lang='lat' dir='ltr'><strong>mete]</strong></span> <span class='ocrx_word' id='word_1_348' title='bbox 1005 4117 1053 4164; x_wconf 86' lang='lat' dir='ltr'><strong>Sed</strong></span> <span class='ocrx_word' id='word_1_349' title='bbox 1066 4117 1214 4167; x_wconf 77' lang='lat' dir='ltr'><strong>Macedones</strong></span> 
     </span>
     <span class='ocr_line' id='line_1_46' title="bbox 170 4181 1215 4252; baseline -0.006 -14"><span class='ocrx_word' id='word_1_350' title='bbox 170 4189 203 4239; x_wconf 87' lang='grc'><strong>60</strong></span> <span class='ocrx_word' id='word_1_351' title='bbox 218 4189 277 4240; x_wconf 80' lang='lat' dir='ltr'><strong>Atro</strong></span> <span class='ocrx_word' id='word_1_352' title='bbox 290 4186 414 4252; x_wconf 62' lang='lat' dir='ltr'><strong>merra]</strong></span> <span class='ocrx_word' id='word_1_353' title='bbox 431 4187 586 4236; x_wconf 65' lang='lat' dir='ltr'><strong>resumens</strong></span> <span class='ocrx_word' id='word_1_354' title='bbox 620 4185 660 4232; x_wconf 77' lang='lat' dir='ltr'><strong>stc</strong></span> <span class='ocrx_word' id='word_1_355' title='bbox 691 4189 763 4231; x_wconf 72' lang='lat' dir='ltr'><strong>nome</strong></span> <span class='ocrx_word' id='word_1_356' title='bbox 773 4181 857 4244; x_wconf 78' lang='lat' dir='ltr'><strong>paucis</strong></span> <span class='ocrx_word' id='word_1_357' title='bbox 871 4183 959 4230; x_wconf 85' lang='lat' dir='ltr'><strong>lembis</strong></span> <span class='ocrx_word' id='word_1_358' title='bbox 969 4183 1038 4242; x_wconf 81' lang='lat' dir='ltr'><strong>uectt,</strong></span> <span class='ocrx_word' id='word_1_359' title='bbox 1048 4183 1100 4229; x_wconf 84' lang='lat' dir='ltr'><strong>sive</strong></span> <span class='ocrx_word' id='word_1_360' title='bbox 1112 4184 1215 4232; x_wconf 67' lang='lat' dir='ltr'><strong>tortam</strong></span> 
     </span>
     <span class='ocr_line' id='line_1_47' title="bbox 137 4245 1215 4314; baseline -0.006 -12"><span class='ocrx_word' id='word_1_361' title='bbox 137 4255 296 4306; x_wconf 77' lang='lat' dir='ltr'><strong>nxxvrn.</strong></span> <span class='ocrx_word' id='word_1_362' title='bbox 308 4269 330 4305; x_wconf 88' lang='lat' dir='ltr'><strong>e.</strong></span> <span class='ocrx_word' id='word_1_363' title='bbox 347 4253 387 4304; x_wconf 76' lang='lat'><strong>80.</strong></span> <span class='ocrx_word' id='word_1_364' title='bbox 407 4253 483 4302; x_wconf 78' lang='lat' dir='ltr'><strong>Unius</strong></span> <span class='ocrx_word' id='word_1_365' title='bbox 496 4249 599 4314; x_wconf 69' lang='lat' dir='ltr'><strong>melota</strong></span> <span class='ocrx_word' id='word_1_366' title='bbox 614 4251 660 4298; x_wconf 78' lang='lat' dir='ltr'><strong>tm·</strong></span> <span class='ocrx_word' id='word_1_367' title='bbox 692 4249 771 4304; x_wconf 73' lang='lat' dir='ltr'><strong>mett,</strong></span> <span class='ocrx_word' id='word_1_368' title='bbox 782 4249 900 4295; x_wconf 77' lang='lat' dir='ltr'><strong>fallebant</strong></span> <span class='ocrx_word' id='word_1_369' title='bbox 911 4245 1042 4309; x_wconf 76' lang='lat' dir='ltr'><strong>Popillium</strong></span> <span class='ocrx_word' id='word_1_370' title='bbox 1059 4253 1084 4294; x_wconf 83' lang='lat' dir='ltr'><strong>et</strong></span> <span class='ocrx_word' id='word_1_371' title='bbox 1095 4248 1215 4296; x_wconf 75' lang='lat' dir='ltr'><strong>Eumenis</strong></span> 
     </span>
     <span class='ocr_line' id='line_1_48' title="bbox 133 4313 1215 4382; baseline -0.007 -15"><span class='ocrx_word' id='word_1_372' title='bbox 133 4326 192 4382; x_wconf 78' lang='lat' dir='ltr'><strong>prta</strong></span> <span class='ocrx_word' id='word_1_373' title='bbox 202 4320 282 4370; x_wconf 69' lang='lat' dir='ltr'><strong>tatem</strong></span> <span class='ocrx_word' id='word_1_374' title='bbox 293 4319 389 4369; x_wconf 66' lang='lat' dir='ltr'><strong>utrm</strong></span> <span class='ocrx_word' id='word_1_375' title='bbox 398 4333 473 4368; x_wconf 78' lang='lat' dir='ltr'><strong>remos</strong></span> <span class='ocrx_word' id='word_1_376' title='bbox 483 4318 584 4372; x_wconf 66' lang='lat' dir='ltr'><strong>detorta</strong></span> <span class='ocrx_word' id='word_1_377' title='bbox 692 4325 776 4373; x_wconf 83' lang='lat' dir='ltr'><strong>naves,</strong></span> <span class='ocrx_word' id='word_1_378' title='bbox 788 4313 872 4373; x_wconf 83' lang='lat' dir='ltr'><strong>sicque</strong></span> <span class='ocrx_word' id='word_1_379' title='bbox 888 4313 956 4360; x_wconf 89' lang='lat' dir='ltr'><strong>nullo</strong></span> <span class='ocrx_word' id='word_1_380' title='bbox 967 4313 1078 4361; x_wconf 82' lang='lat' dir='ltr'><strong>obstante</strong></span> <span class='ocrx_word' id='word_1_381' title='bbox 1092 4315 1215 4361; x_wconf 81' lang='lat' dir='ltr'><strong>onerarias</strong></span> 
     </span>
     <span class='ocr_line' id='line_1_49' title="bbox 170 4378 989 4446; baseline -0.013 -12"><span class='ocrx_word' id='word_1_382' title='bbox 170 4385 201 4434; x_wconf 85' lang='lat' dir='ltr'><strong>st</strong></span> <span class='ocrx_word' id='word_1_383' title='bbox 228 4383 317 4443; x_wconf 74' lang='lat' dir='ltr'><strong>Qatlw</strong></span> <span class='ocrx_word' id='word_1_384' title='bbox 337 4387 440 4446; x_wconf 62' lang='lat' dir='ltr'><strong>potera,</strong></span> <span class='ocrx_word' id='word_1_385' title='bbox 462 4380 590 4446; x_wconf 74' lang='lat' dir='ltr'><strong>Popillius,</strong></span> <span class='ocrx_word' id='word_1_386' title='bbox 618 4383 660 4428; x_wconf 78' lang='lat' dir='ltr'><strong>aar</strong></span> <span class='ocrx_word' id='word_1_387' title='bbox 691 4379 793 4428; x_wconf 83' lang='lat' dir='ltr'><strong>hostiles</strong></span> <span class='ocrx_word' id='word_1_388' title='bbox 802 4378 989 4440; x_wconf 79' lang='lat' dir='ltr'><strong>impugnabant.</strong></span> 
     </span>
     <span class='ocr_line' id='line_1_50' title="bbox 137 4441 1213 4511; baseline -0.008 -13"><span class='ocrx_word' id='word_1_389' title='bbox 137 4451 253 4500; x_wconf 72' lang='lat' dir='ltr'><strong>Eumenis</strong></span> <span class='ocrx_word' id='word_1_390' title='bbox 284 4463 363 4508; x_wconf 71' lang='lat' dir='ltr'><strong>aava,</strong></span> <span class='ocrx_word' id='word_1_391' title='bbox 394 4447 551 4511; x_wconf 66' lang='lat' dir='ltr'><strong>meror]</strong></span> <span class='ocrx_word' id='word_1_392' title='bbox 593 4446 659 4509; x_wconf 76' lang='lat' dir='ltr'><strong>Lege</strong></span> <span class='ocrx_word' id='word_1_393' title='bbox 723 4443 757 4494; x_wconf 80' lang='grc'><strong>63</strong></span> <span class='ocrx_word' id='word_1_394' title='bbox 771 4443 831 4492; x_wconf 76' lang='lat' dir='ltr'><strong>Jam</strong></span> <span class='ocrx_word' id='word_1_395' title='bbox 846 4445 908 4493; x_wconf 67' lang='lat' dir='ltr'><strong>vestr</strong></span> <span class='ocrx_word' id='word_1_396' title='bbox 920 4444 1066 4507; x_wconf 65' lang='lat' dir='ltr'><strong>prtnrhtum</strong></span> <span class='ocrx_word' id='word_1_397' title='bbox 1081 4441 1144 4505; x_wconf 67' lang='lat' dir='ltr'><strong>not]</strong></span> <span class='ocrx_word' id='word_1_398' title='bbox 1163 4443 1213 4490; x_wconf 83' lang='lat' dir='ltr'><strong>lni-</strong></span> 
     </span>
    </p>
   </div>
   <div class='ocr_carea' id='block_1_5' title="bbox 0 0 1564 4984">
    <p class='ocr_par' dir='ltr' id='par_1_25' title="bbox 0 0 1564 4984">
     <span class='ocr_line' id='line_1_51' title="bbox 0 0 1564 4984; baseline 0 0"><span class='ocrx_word' id='word_1_399' title='bbox 0 0 1564 4984; x_wconf 95' lang='lat' dir='ltr'><strong> </strong></span> 
     </span>
    </p>
   </div>
  </div>
 </body>
</html>
