3120 4984
365 271 368 278 ,
399 208 494 270 LIB.
515 207 617 270 xut.
645 207 746 270 CAP.
765 207 916 271 XLVIII.
1154 217 1194 281 rt

128 375 225 453 vimi,
240 373 452 458 miconserrio
465 375 673 456 represserit,
688 394 720 438 rc
733 395 829 458 neque
841 373 921 453 arie,
936 395 1032 460 neque
1045 393 1127 453 costr,
1141 377 1232 443 redu.
1243 392 1338 443 clter.

128 463 264 526 conlntis
287 461 420 524 cominus
442 460 568 536 viribus,
579 457 668 543 justo
690 481 728 524 ac
747 462 805 544 pio
825 460 903 525 bello
925 483 986 527 erre
1008 458 1344 546 asperum.l·⁰·¹⁷¹·'

130 547 220 612 Haec
241 547 389 622 seniores,
408 545 524 632 quibus
546 566 628 609 nova
650 543 720 609 hoec
741 547 846 610 minus
867 547 1011 632 placebat
1032 547 1195 633 sapientIa.

128 634 206 699 vicit
220 646 327 698 tamen
342 653 380 697 ea
393 653 466 716 pars
489 646 625 710 senatus,
641 632 692 696 cui
713 633 819 716 potior
833 633 926 709 utilis,
943 655 1038 720 quam
1058 632 1196 716 honesti,

129 742 210 785 cura
230 732 309 796 erat,
332 731 368 782 ut
390 717 648 802 comprobaretur
670 719 757 802 prior
779 720 894 804 legatio
919 719 1046 796 Marcii,
1061 719 1089 760 ‘¹
1097 733 1128 786 et
1143 743 1197 785 eo·

129 807 206 871 dem
223 827 331 870 rursus
354 804 385 867 ln
403 803 563 869 Graeciam
586 825 659 868 cum
674 803 952 891 quinqueremibus
973 806 1196 889 remitteretur,
1205 823 1358 870 moneam

128 893 363 979 jubereturque
385 904 498 968 cetera,
523 889 569 954 uti
595 913 613 954 e
637 890 800 974 republica
816 891 958 962 maxime
982 893 1083 957 visum
1106 887 1345 970 esseqremtttitur.

129 1001 238 1065 agere.
282 979 323 1041 Α.
339 998 465 1064 quoque
480 976 615 1041 Atilium
635 977 785 1041 miserunt
800 976 841 1041 ad
856 979 1074 1063 occupandam
1090 978 1197 1044 Laris·

128 1088 198 1129 sam
222 1067 256 1128 in
272 1062 447 1140 Thessalia,
463 1063 618 1139 timentes,
640 1083 691 1140 ne,
714 1063 740 1126 si
761 1063 960 1128 induciarum
982 1063 1196 1144 dieaexisset,

129 1151 278 1228 Perseus,
302 1149 452 1236 praesidio
473 1151 530 1214 co‘
551 1149 657 1229 misso,
672 1162 769 1232 caput
791 1149 966 1216 Thessaliae
987 1150 1022 1215 in
1043 1163 1199 1234 potestate

129 1238 275 1303 haberet.
319 1234 398 1301 Duo
418 1235 518 1302 millia
538 1233 679 1321 peditum
696 1234 815 1301 Atilios
836 1235 877 1300 ab
893 1236 956 1301 Cn.
973 1237 1094 1302 Sicinio
1114 1239 1198 1302 acci·

129 1345 208 1410 pere
229 1323 271 1387 ad
293 1344 364 1388 enm
386 1342 453 1387 rem
479 1320 633 1410 agendam
656 1323 769 1409 jussus.
796 1335 828 1387 et
847 1323 887 1388 P.
903 1322 1053 1402 Lentulo,
1075 1323 1131 1410 qui
1152 1345 1196 1390 ex

130 1409 256 1476 Achaia
280 1409 428 1487 redierat,
453 1407 606 1474 trecentin
635 1407 749 1475 milites
781 1408 882 1473 Italici
911 1409 1035 1496 generis
1059 1407 1136 1488 dati,
1163 1422 1199 1476 ut

130 1496 284 1562 “Thebis
299 1497 388 1560 daret
401 1517 542 1583 operam,
558 1507 595 1560 ut
609 1494 642 1558 in
657 1509 813 1580 potestate
828 1495 954 1560 Boeotia
969 1508 1059 1561 esset.

173 1581 341 1650 XLVIII.
366 1581 430 1647 His
443 1579 639 1666 proeparatis,
655 1603 847 1668 quamquam
869 1582 911 1647 ad
931 1581 1051 1647 bellum
1067 1581 1359 1660 consilinueganrer.

131 1683 225 1736 erant
254 1668 422 1746 destinata,
453 1682 595 1750 senatum
629 1680 733 1732 tamen
761 1667 897 1752 praeberi
925 1667 1037 1756 legatia
1067 1668 1198 1796 placuit.
1206 1663 1336 1712 ”¹⁸¹¹OEst

133 1756 259 1822 Eadem
273 1755 349 1835 fere,
366 1776 438 1839 quse
452 1754 487 1819 in
508 1753 678 1840 conloquio
692 1755 731 1819 sb
752 1775 827 1841 rege
847 1755 931 1820 dicta
952 1767 1053 1834 erant,
1100 1756 1199 1822 relata

134 1843 176 1908 ab
201 1842 325 1931 legetis.
367 1840 556 1923 insidiarum
579 1839 718 1906 Eumeni
742 1839 896 1906 fictarum
922 1840 1053 1919 crimen,
1077 1855 1110 1908 et
1131 1865 1199 1907 mn-

133 1931 223 1994 xima
244 1950 334 2007 cura,
347 1939 380 1992 et
401 1927 532 1992 minime
554 1939 661 1992 tamen
705 1926 898 2006 robabiliter,
915 1927 1094 2012 (manifesta
1113 1929 1199 1993 euim

135 2039 185 2081 rea
208 2016 290 2096 eret)
312 2012 487 2080 defensum.
533 2012 648 2079 Cetera
672 1947 854 2099 deprecatio
878 2026 964 2079 erat:
987 2014 1043 2079 sed
1067 2036 1133 2080 non
1154 2016 1200 2081 eia

135 2103 249 2168 animis
263 2101 483 2177 audiebantur,
499 2101 554 2188 qui
573 2114 629 2166 aut
649 2098 766 2178 doceri,
783 2114 839 2167 aut
853 2100 935 2166 flecti
948 2114 1087 2186 possent
1130 2101 1199 2167 De-

135 2191 332 2266 nunciatum,
360 2186 522 2272 extemplo
547 2186 705 2252 moenibus
730 2187 816 2251 urbia
843 2188 965 2264 Romae,
993 2187 1087 2252 Italia
1114 2188 1330 2255 intremescere

135 2276 331 2364 trigesimum
358 2274 442 2339 diem
467 2271 669 2338 excederent.
715 2272 753 2337 P.
777 2273 901 2338 Licinio
925 2272 1041 2338 deinde
1065 2263 1360 2352 consultetur*-

136 2363 187 2428 cni
210 2360 403 2426 Macedonia
423 2359 587 2447 provincie
601 2360 782 2436 obvenerat,
797 2358 1035 2436 denunciatum,
1052 2370 1089 2424 ut
1109 2379 1200 2424 exer-

135 2449 212 2515 citui
228 2448 313 2514 diem
335 2448 474 2535 primam
488 2467 646 2534 quamque
662 2445 782 2511 diceret
795 2443 837 2510 ad
851 2444 1115 2511 conveniendum.
1160 2445 1200 2510 C.
1208 2463 1337 2511 Lueretius

137 2535 305 2601 Lucretius
330 2545 458 2621 prator,
481 2534 533 2600 cui
559 2531 664 2598 classis
685 2531 849 2617 provincia
870 2542 948 2610 erat,
971 2553 1043 2597 cum
1063 2528 1361 2618 quadrae-11¹⁰&

135 2622 224 2710 ginta
247 2619 525 2709 quinqueremibus
549 2618 591 2684 ab
617 2617 696 2683 urbe
716 2616 893 2703 profectus:
917 2639 991 2683 uam
1014 2640 1055 2684 ex
1076 2607 1350 2723 refectiag'ffm

135 2709 270 2774 navibus
295 2707 381 2786 alias⁴
395 2706 430 2771 in
454 2705 552 2772 elium
581 2726 673 2772 usum
702 2704 833 2770 retineri
858 2703 901 2770 ad
925 2704 1038 2772 urbem
1067 2704 1199 2791 placuit.

139 2795 327 2860 Praemissus
348 2815 369 2857 e
389 2804 527 2878 praetore
543 2804 590 2858 est
602 2789 736 2856 “freter
750 2790 942 2858 Lucretius¹
955 2814 1029 2858 cum
1044 2792 1121 2880 quin
1145 2815 1201 2858 ue·

137 2904 222 2947 reme
236 2902 319 2946 una:
337 2879 446 2966 jussus
467 2901 517 2957 ue,
530 2878 575 2944 'ab
596 2878 690 2944 sociis
710 2899 753 2942 ex
772 2876 891 2944 foedere
905 2878 1042 2965 acceptis
1056 2815 1200 2958 naribus,

136 2968 176 3033 ad
192 2965 432 3054 Cephalleniam
512 2966 537 3030 si
558 2963 739 3030 obcurrere.
760 2964 801 3030 ab
817 2965 973 3053 Rheginia
987 2964 1110 3031 triremi
1124 2987 1200 3048 una,

137 3055 177 3120 ab
193 3052 306 3119 Locris
326 3052 459 3130 duabus,
474 3052 515 3117 ab
531 3051 677 3117 Uritibus
691 3060 838 3137 quatuor,
853 3063 970 3136 praeter
991 3073 1081 3117 oram
1098 3051 1201 3118 Italiae

136 3151 339 3227 supervectus
365 3136 523 3203 Calabria
552 3151 729 3204 extremum
759 3137 1014 3220 promontorium
1042 3138 1077 3202 in
1106 3138 1200 3204 Ionio

137 3228 228 3306 mari,
251 3223 491 3314 Dyrrhachium
513 3223 639 3312 trajicit.
684 3222 736 3288 Ibi
756 3221 866 3288 decem
887 3223 1029 3308 ipsorum
1051 3223 1201 3310 Dyrrha·

135 3314 316 3389 chinorum,
331 3310 500 3376 duodecim
519 3309 697 3386 Issaeorum,
713 3309 944 3398 quinquaginta
958 3321 1094 3397 quatuor
1109 3309 1201 3376 Gen·

135 3401 171 3466 tii
196 3401 282 3488 regis
298 3398 427 3464 lembos
451 3407 571 3474 nactus,
587 3395 739 3462 simulans
761 3417 795 3460 ae
816 3394 955 3476 credere,
978 3418 1032 3462 eos
1050 3396 1086 3460 in
1105 3416 1200 3461 usum

138 3487 358 3553 Romanorum
378 3495 578 3569 comparatos
598 3505 679 3564 esse,
695 3481 843 3548 omnibus
864 3481 1020 3560 abductis,
1036 3482 1086 3548 die
1104 3481 1200 3548 tertio

138 3573 326 3663 Corcyram,
341 3571 415 3636 inde
435 3570 583 3657 protinus
603 3569 637 3636 in
653 3567 889 3655 Cephalleniam
904 3568 1032 3656 trajicit.
1076 3567 1117 3636 C.
1131 3567 1203 3635 Ιιιι-Ι

202 3726 392 3776 ῑωᾶειῦιοιι.
404 3725 473 3778 cm.
569 3726 757 3775 'nantuac
854 3722 1134 3774 ¹M.brrrratlurcrev.

169 3871 204 3922 re
221 3872 256 3920 re
277 3870 353 3920 aaa
374 3884 457 3918 meru
477 3870 504 3917 ιι
526 3841 654 3937 cram]
717 3864 1200 3935 e0n0m1rmmmmsmmem

136 3937 206 3985 'l'olle
219 3939 279 3984 duaa
293 3941 520 3997 postremaavoces,
539 3936 654 3983 manifes-
685 3941 778 3984 tenens.

138 4008 192 4050 tum
204 4002 334 4062 glomms,
344 4001 526 4061 interpretando
536 4000 570 4062 «ὅ
579 3999 655 4048 eodan
717 3998 751 4045 64
758 3997 876 4062 'Relatnl
893 3998 992 4046 Iterata·

138 4067 220 4127 inepte
238 4066 359 4112 additum.
394 4065 464 4112 Idem
481 4065 553 4123 plane
568 4065 654 4112 vitium
717 4063 750 4110 tt
766 4063 854 4110 Frater
863 4063 906 4111 M.
915 4060 1053 4125 Lnercdm]
1072 4061 1200 4124 Inmrlga·

139 4131 267 4191 Irrepserat
288 4143 361 4190 supra
381 4129 591 4176 1.Xxxv11.c.
613 4127 652 4177 19.
683 4127 1199 4188 tishieprretoriafratercaretpraenomine.

139 4195 215 4242 eodem
231 4193 421 4253 Adramytteum,
442 4195 485 4242 ubi
505 4194 591 4240 itidem
609 4205 652 4239 no-
684 4191 1036 4239 Reatitutumeieathocloeo
1050 4207 1081 4240 ex
1095 4195 1199 4242 aucturi-

139 4272 196 4306 men
207 4259 274 4306 urbis
288 4259 424 4306 tollendum
441 4271 494 4306 ease
504 4258 652 4305 monuimus.
684 4263 735 4304 tete
746 4256 872 4315 Gronovil,
884 4255 927 4317 qui
937 4257 1074 4305 observavit
1085 4269 1145 4305 eum
1155 4271 1198 4319 ap-

142 4322 425 4400 fluvidaturprqterea
439 4324 654 4374 medimnum·
684 4319 1132 4385 peuntmuucretiuminnacte

140 4399 182 4434 Μ
192 4400 414 4452 wilmun·
441 4441 444 4448 .
