3056 4976
484 225 548 284 un
576 223 683 284 naa
712 224 878 286 canvr.
960 233 994 249 ··
1175 197 1236 284 a?

11 475 12 478 Ἴ
166 391 255 458 Haec
266 390 407 456 satballe
417 413 451 456 se
461 390 591 459 babent.
622 389 716 456 Unus
727 401 831 456 tamen
845 391 1016 455 etiamnum
1032 389 1122 476 angit
1134 388 1222 456 serit·
1230 411 1382 460 uiuentem

11 521 12 526 κ
122 481 327 565 ρυΙυε,,<]ιιοιὶ
339 481 373 543 in
383 477 445 542 hac
453 478 602 561 opinione
614 476 736 542 nullum
750 477 790 542 sit
801 478 894 561 preti-i
905 476 1073 542 discrimen
1083 477 1168 544 inter
1178 478 1342 540 &opinione

11 627 12 636 ,
120 589 219 654 grave
232 588 381 650 essesque
398 565 542 640 leviores,
558 562 711 648 quamdiu
728 563 928 628 sextantariis
942 563 1061 628 assibus
1086 561 1224 626 Romani
1230 543 1362 604 ⁸⁶‘¹¹¹’¹¹¹¹¹'·

121 654 169 717 usi
184 667 271 720 sunt.
316 651 391 716 Non
408 651 493 714 enim
506 650 556 720 his
571 649 690 720 assibus
711 651 867 732 percussis
888 664 1010 718 mutata
1032 662 1225 714 memoratur

122 740 240 804 assium
255 738 298 802 ad
308 739 474 802 denarium
487 737 579 812 ratio,
591 735 646 802 sed
661 750 727 823 tpm
745 737 873 812 dentum
886 759 984 822 quum
996 759 1077 802 asses
1088 736 1226 804 unciales

11 903 12 906 Ἴ
121 824 197 890 fac'ti
219 837 304 889 sunt.
349 824 463 910 Itaque
484 822 593 888 decem
616 824 799 886 sextantarii
819 846 916 901 asses,
935 837 969 888 ut
983 835 1015 888 et
1029 822 1139 886 decem
1154 822 1227 888 aeris

123 912 240 1000 gravis,
264 933 364 976 unum
387 911 551 976 denarium
568 909 758 996 aequabant:
779 931 817 972 ac
833 909 966 993 proinde
980 933 1000 973 a
1014 908 1089 972 belli
1113 908 1227 972 Punici

123 999 219 1084 primi
236 997 431 1082 temporibus
445 1019 544 1082 usque
560 1000 597 1060 ad
612 996 744 1060 alterum
768 1018 887 1058 annum
910 995 1049 1070 secundi,
1066 994 1227 1080 quodnam

124 1085 181 1150 aeri
195 1085 289 1172 gravi
304 1083 440 1167 pretium
455 1081 626 1146 dicendum
643 1085 694 1160 sit,
710 1081 796 1146 lraud
810 1081 902 1146 facile
916 1081 1041 1146 definiri
1055 1095 1169 1166 potest.
1476 1155 1481 1166 Ι

167 1171 283 1236 Unum
296 1169 387 1232 nobis
402 1168 554 1255 effugium
568 1183 718 1252 superest,
736 1169 761 1232 si
776 1168 918 1233 dicamus
932 1180 1000 1232 toto
1015 1167 1071 1230 illo
1086 1180 1226 1252 tempore
1234 1183 1271 1228 De
1282 1195 1310 1228 eo
1320 1195 1386 1229 smo-

123 1257 250 1320 nullum
270 1277 360 1319 usum
375 1253 469 1318 fuisse
491 1255 565 1318 aeris
586 1255 690 1342 gravis
705 1256 737 1317 in
753 1254 958 1319 conficiendis
978 1255 1123 1338 pecuniae
1144 1249 1310 1338 prae-Y‘0d0
1322 1262 1379 1296 ⁰⁰¹¹·

124 1343 238 1420 sentis,
250 1342 282 1406 id
298 1355 354 1418 est,
370 1341 435 1427 ejus
450 1363 522 1428 quae
538 1356 614 1405 tunc
629 1341 798 1405 solveretur
814 1353 1081 1416 numerareturve,
1098 1317 1331 1404 rationi-rectura

124 1431 183 1495 bus
191 1455 201 1506 ς
226 1428 281 1492 sed
298 1427 520 1492 tantummodo
532 1427 586 1491 ubi
601 1426 794 1512 loquendum
807 1441 886 1493 esset
897 1430 935 1492 de
947 1428 1078 1511 antiquo
1089 1449 1153 1490 oere
1164 1447 1228 1512 quo

124 1517 275 1581 utebatur
286 1515 396 1578 civitas
410 1527 484 1578 ante
494 1513 697 1577 imminutum
713 1515 829 1577 assium
841 1516 983 1599 pondus:
1005 1526 1100 1599 atque
1115 1511 1229 1578 adhoc

125 1603 302 1667 notandum
325 1601 493 1664 discrimen
510 1600 582 1663 aeris
596 1601 719 1685 antiqui
733 1623 752 1663 a
767 1602 895 1678 recenti,
919 1601 1004 1665 illam
1028 1601 1100 1664 aeris
1121 1601 1228 1688 gravis

125 1687 373 1774 appellationem
400 1687 504 1772 primo
528 1686 684 1749 invectam
711 1709 787 1750 esse.
842 1687 958 1751 Postea
983 1709 1080 1774 quum
1108 1686 1229 1750 assibus

11 1781 12 1786 ’
123 1773 303 1840 uncialibus
318 1771 408 1838 iactis
425 1785 544 1836 mutata
566 1785 645 1835 esset
667 1774 782 1836 assium
800 1772 840 1837 ad
861 1772 1028 1838 denarium
1050 1773 1142 1849 ratio,
1159 1786 1226 1837 tum

126 1862 256 1926 demum
280 1859 421 1924 dicemus
445 1859 635 1923 advocatum
659 1879 725 1922 esse
753 1881 797 1922 aes
818 1880 915 1945 grave
939 1860 981 1924 ad
1006 1859 1229 1944 exprimendas
1272 1895 1276 1914 ε

125 1947 294 2033 praesentis
322 1944 467 2032 pecuniae
492 1966 642 2023 summas,
668 1958 705 2009 ut
730 1967 798 2010 mos
823 1946 944 2030 priscus
969 1945 1228 2012 aestimandamm

125 2037 333 2120 pecuniarum
350 2032 476 2120 publice
491 2033 687 2096 retineretur.

167 2120 270 2198 Quod
285 2118 347 2183 hoc
362 2118 433 2182 loco
455 2119 611 2203 ponimus,
627 2119 893 2204 quemadmodum
915 2117 1050 2184 fatemur
1064 2120 1158 2185 nullis
1173 2121 1229 2186 ad·
1316 2161 1320 2178 ·

125 2209 201 2274 strui
218 2207 345 2272 disertis
357 2209 498 2269 ieterum
509 2206 708 2285 testimoniis,
722 2206 766 2270 ita
781 2206 876 2269 nullis
887 2222 1013 2292 quoque
1024 2208 1125 2271 everti
1138 2229 1230 2291 posse

126 2294 355 2360 existimamus.
400 2292 472 2355 Into
487 2289 631 2354 nonnihil
647 2290 730 2356 favet
743 2291 836 2354 nobis
851 2307 1031 2377 temporum
1048 2293 1139 2357 ratio.
1178 2292 1227 2356 Ex

125 2404 190 2468 quo
201 2380 289 2444 enirn
301 2391 445 2462 tempore
456 2391 581 2442 constat
590 2400 669 2441 asses
678 2379 885 2442 sextantarios
895 2377 994 2443 factos
1005 2401 1083 2455 esse,
1096 2375 1130 2442 id
1141 2392 1196 2456 est,
1209 2401 1229 2442 a

147 2468 223 2531 rimi
243 2466 351 2530 Punici
369 2463 443 2528 belli
459 2465 532 2541 fine,
545 2465 649 2548 prima
663 2465 781 2529 mentio
797 2465 869 2528 reris
880 2467 984 2552 gravis
994 2464 1131 2531 occurrit
1143 2466 1229 2549 apud

125 2491 268 2630 bivium,
285 2553 307 2616 l.
323 2551 444 2616 XXII.
460 2573 488 2614 c.
505 2559 557 2616 33.
581 2562 652 2634 post
668 2550 844 2636 depositam
861 2575 880 2617 a
895 2551 939 2628 Q.
957 2551 1056 2617 Fabio
1080 2550 1231 2616 Maximo
1300 2583 1303 2594 =

126 2640 331 2718 dictaturam,
342 2661 407 2724 quo
417 2637 571 2702 dictatore
584 2637 706 2702 Plinius
717 2651 829 2703 auctor
843 2653 891 2704 est
905 2661 1013 2704 rursus
1027 2639 1231 2703 imminutum

125 2750 191 2792 esse
201 2728 321 2790 assium
334 2724 470 2810 pondus,
483 2723 566 2789 etad
582 2725 707 2788 unciam
719 2724 893 2802 redactum,
908 2726 1065 2812 simulque
1075 2739 1231 2790 mutatam

125 2837 196 2884 esse„
205 2812 324 2876 assium
339 2807 380 2875 ad
395 2811 560 2875 denarium
580 2811 746 2890 rationem,
761 2825 797 2877 ut
811 2812 970 2882 sexdecim
986 2836 1069 2878 asses
1084 2815 1117 2877 in
1133 2813 1232 2878 dena-

125 2901 210 2965 rium
238 2897 527 2963 contribuerantur.
571 2897 693 2982 Itaque
708 2901 811 2984 prima
833 2900 954 2964 mentio
975 2902 1048 2964 aeris
1069 2900 1174 2988 gravis
1197 2900 1231 2962 in

126 2986 294 3072 praesentis
316 2985 461 3070 pecunias
484 2982 659 3048 rationibus
674 2984 706 3048 in
722 3008 821 3050 unum
844 2986 991 3073 idemque
1011 2999 1136 3073 tempus
1156 3009 1231 3052 con-

126 3076 214 3162 gruit
229 3093 305 3135 cum
319 3083 441 3135 mutata
456 3071 572 3135 assium
588 3069 628 3134 ad
644 3071 810 3137 denarium
826 3073 960 3140 ratione.

170 3159 221 3226 Ut
236 3157 336 3246 igitur
353 3157 462 3242 paucis
485 3155 709 3222 contrahamus
725 3183 762 3223 ea
776 3182 848 3246 quae
864 3173 931 3235 tota
944 3159 1005 3225 hac
1019 3159 1233 3246 disputatione
1242 3151 1379 3246 anacepha-

126 3245 289 3332 complexi
310 3265 427 3322 sumus,
444 3243 506 3309 tria
521 3243 606 3308 haud
628 3245 884 3330 improbabiliter
902 3247 1029 3311 deliniri
1051 3269 1143 3334 posse
1165 3247 1325 3312 cre-¹²⁰5*

128 3334 235 3399 dimus
250 3330 291 3394 de
305 3353 369 3394 aere
383 3330 483 3418 gravi.
1175 3363 1179 3372 =

171 3430 218 3586 Izi
240 3417 301 3482 AEs
315 3439 414 3505 grave
428 3416 551 3482 nullum
568 3417 688 3483 dictum
703 3417 773 3498 init,
789 3421 891 3488 donec
904 3420 1042 3485 levatum
1051 3433 1104 3508 fest
1118 3421 1233 3484 assium

171 3529 193 3572 n
219 3528 267 3571 us.

129 3529 216 3659 pom
241 3589 376 3656 Assibus
391 3591 592 3654 sextantariis
606 3589 705 3668 factis,
723 3593 794 3657 teris
807 3595 912 3682 gravis
927 3593 1096 3677 appellatio
1112 3594 1235 3658 invecta

127 3679 187 3744 fuit
209 3678 253 3743 ad
275 3676 487 3763 designandos
509 3696 592 3741 asses
612 3677 748 3755 librales,
772 3683 826 3768 qui
848 3697 942 3746 antea
964 3685 995 3744 in
1018 3704 1075 3746 usu
1097 3681 1234 3746 fuerant.

129 3767 252 3832 Verum
282 3763 388 3827 nullus
413 3777 481 3828 tum
512 3767 577 3850 ejus
607 3764 826 3848 appellationis
856 3791 931 3840 usus
957 3767 1016 3832 fuit
1042 3770 1074 3831 in
1103 3769 1234 3832 summis

126 3853 340 3939 pecuniarum
363 3872 437 3936 quae
463 3863 531 3914 tum
554 3849 798 3929 conficerentur,
825 3855 879 3920 sed
907 3868 1032 3936 tanturn
1054 3854 1108 3920 ubi
1132 3877 1235 3918 sermo

128 3952 209 4005 esset
223 3938 265 4002 de
280 3957 345 4000 aere
359 3949 464 4000 vetere
479 3938 554 4001 olim
570 3940 697 4003 usitato.

169 4034 214 4093 3⁰.
236 4021 370 4103 Assibus
384 4023 562 4087 uncialibus
576 4023 677 4101 factis,
694 4040 726 4088 et
743 4040 861 4090 mutata
876 4027 990 4094 assium
1007 4029 1046 4092 ad
1069 4028 1235 4092 denarium

127 4115 262 4188 ratione,
279 4124 448 4194 coeperunt
466 4110 603 4174 Romani
620 4113 668 4174 uti
683 4111 892 4196 appellatione
903 4115 1007 4204 gravis
1019 4115 1092 4178 aeris
1107 4116 1140 4178 in
1155 4139 1237 4201 prae-
1319 4127 1322 4140 ¹

129 4199 272 4264 sentibus
294 4197 390 4260 etiarn
414 4197 620 4280 pecuniarum
645 4198 828 4272 rationibus,
851 4214 886 4262 ut
907 4201 1078 4267 retinerent
1101 4203 1236 4287 priscam

129 4282 390 4351 aestimandarum
413 4283 618 4369 pecuniarum
642 4285 924 4370 consuetudinem,
947 4288 1077 4375 ejusque
1099 4289 1237 4375 pretium

105 4433 107 4443 ,
128 4373 223 4451 idem,
241 4368 333 4458 quod
355 4391 489 4455 semper,
506 4393 574 4436 esse
587 4371 766 4450 voluerunt,
783 4386 818 4438 ut
832 4372 941 4450 decens
963 4376 1037 4441 aeris
1058 4378 1162 4462 gravis
1178 4397 1237 4459 pro
