3154 4984
544 529 611 644 T.
653 526 858 640 LlVll
906 527 1300 635 PATAVINI

652 717 656 722 ’
717 751 924 834 bruun
954 749 1093 832 xnv.

812 963 1007 1010 -ο-

207 1145 239 1193 u.
251 1144 344 1194 ucat
372 1115 621 1198 VICTORIAE
642 1129 763 1212 nuncii,
780 1129 821 1204 Q.
840 1125 958 1193 Fabius
979 1141 1012 1194 et
1027 1127 1067 1194 L.
1084 1127 1241 1197 Lentulus
1258 1129 1349 1208 etQ.
1365 1121 1434 1198 Me

204 1211 342 1260 ΜΝ·
368 1219 470 1299 tellus,
491 1233 609 1307 quanta
633 1218 740 1304 potuit
768 1213 924 1304 adhiberis
941 1215 1111 1294 festinatio,
1129 1217 1278 1283 celeriter
1299 1217 1433 1284 Romam

204 1276 321 1390 iffi?
367 1329 466 1394 quum
481 1303 650 1383 venisseut,
664 1312 878 1390 proeccrptsm
900 1315 1007 1368 tamen
1019 1305 1096 1390 ejus
1116 1305 1168 1370 rei.
1184 1304 1328 1372 laetitiem
1349 1305 1433 1371 iuves

203 1405 318 1454 Macedo
365 1405 492 1460 nerunt.
537 1393 662 1463 Quarto
686 1404 759 1476 post
783 1391 845 1467 die,
860 1406 958 1477 quam
980 1411 1054 1454 cum
1078 1411 1154 1479 rege
1173 1403 1224 1457 est
1244 1404 1443 1480 pugnatum,¹

201 1469 265 1520 ³¹⁰⁸·
365 1480 525 1568 quumin
553 1477 727 1560 circoludi
755 1478 877 1554 fierent,
900 1491 1047 1542 murmur
1071 1491 1203 1562 repente
1226 1477 1340 1566 populi
1368 1491 1433 1544 tote

362 1566 545 1653 spectacula
565 1567 721 1652 'pervasit3
746 1567 979 1650 pugnaturum
1004 1563 1205 1644 Macedonia,
1232 1575 1263 1630 et
1288 1567 1434 1634 devictum

362 1677 462 1740 regem
491 1659 562 1720 esset
606 1653 694 1719 Dein
722 1650 867 1716 fremitus
892 1651 1084 1716 increbruit:
1181 1663 1285 1716 tremo
1314 1650 1433 1717 clamor.

384 1740 396 1805 l
416 1763 564 1828 ususque,
579 1739 667 1804 velut
687 1751 775 1806 certo
795 1737 915 1803 nuncio
929 1738 1071 1803 victorius
1110 1767 1111 1772 ¹
1134 1735 1209 1816 lato,
1225 1750 1275 1804 est
1287 1749 1433 1804 exortus.

402 1826 481 1903 ⁴irari
495 1828 709 1916 magistratus,
724 1839 756 1892 et
770 1842 914 1913 qnoerere
928 1838 1090 1889 auctorem
1106 1827 1279 1911 repentinos
1293 1824 1432 1892 leuda:

360 1915 417 2002 qui
431 1927 598 2002 postquam
618 1913 727 1979 nullus
740 1925 820 1992 erat,
834 1912 982 1978 ¹evauu'it
996 1911 1124 1999 quidem
1146 1924 1310 2064 tamquam
1322 1912 1434 1978 *incer-

359 2013 403 2066 tae
432 2003 478 2067 rei
505 1999 674 2089 gaudium3
713 2019 807 2064 omen
843 2010 951 2064 tamen
976 1999 1086 2064 laetnm
1121 1999 1222 2072 inside
1245 2011 1279 2065 et
1305 1999 1432 2064 animia

327 2083 329 2090 '
360 2086 460 2164 Quod
485 2099 656 2174 postquam
670 2089 752 2152 veris
777 2086 901 2172 nunciis
918 2085 1010 2150 Fabii
1035 2085 1227 2174 Lentulique
1249 2097 1282 2150 et
1305 2083 1433 2152 Metelli

358 2173 498 2242 adventu
513 2175 676 2240 firmatum
691 2181 747 2251 e'st,
764 2183 863 2260 quum
877 2173 1010 2238 victorie
1019 2172 1103 2260 ipse,
1118 2185 1188 2238 tum
1209 2172 1347 2261 augurio
1355 2173 1433 2253 ani-r

357 2263 486 2334 morum
512 2267 657 2340 suorum‚‘
680 2261 894 2328 laetbbanturr
929 2257 973 2325 Et
1001 2260 1093 2325 eliter
1121 2259 1258 2326 traditur
1278 2259 1433 2326 circensis

357 2349 462 2415 turbae
476 2371 542 2415 non
558 2348 663 2414 minus
677 2346 787 2414 similis
802 2346 868 2412 veri
883 2347 1005 2413 laetitia.
1047 2345 1158 2414 'Ante
1168 2347 1253 2412 diem
1268 2345 1432 2415 decimum

357 2435 531 2510 Kalendas
545 2435 715 2512 Octobres,
730 2435 881 2499 ludorum
903 2434 1125 2498 Romanorum
1149 2433 1290 2500 secundo
1310 2432 1374 2511 die,
1391 2432 1433 2504 C.

355 2521 486 2588 Licinio
508 2523 641 2600 consuli,
665 2521 707 2586 ad
720 2521 893 2608 quadrigas
916 2515 1310 2597 mittendas·³esoendeuti‚
1326 2519 1431 2594 tobel„

329 2695 330 2698 Ἴ
354 2608 463 2687 larius,
480 2610 535 2710 qui
557 2631 591 2674 se
610 2626 651 2674 ex
666 2607 861 2673 Macedonia
875 2608 983 2693 venire
1005 2605 1136 2689 diceres
1154 2610 1171 2646 *
1187 2603 1344 2672 laureatas
1359 2605 1431 2671 lite-

355 2717 408 2762 ras
436 2695 570 2762 dicrtur:
598 2694 763 2782 'quadrigis
790 2691 900 2770 missis,
923 2692 1034 2759 consul
1063 2715 1194 2758 cur-rum
1221 2691 1429 2760 conscendit:

355 2793 398 2860 et,
414 2803 516 2870 quum·
528 2803 587 2868 per
597 2782 718 2848 circum
734 2779 939 2848 reveheretur
953 2779 1015 2844 ⁴ad
1027 2779 1114 2866 loros
1136 2780 1290 2866 publicos,
1305 2779 1431 2844 buma-

355 2878 404 2934 tas
418 2867 561 2934 ‘tabellas
589 2867 711 2954 populo
736 2867 884 2934 ostendit.
929 2867 1056 2944 Quibus
1085 2868 1270 2953 conspectis
1289 2865 1432 2952 repente

353 2955 513 3020 inmemor
561 2954 711 3020 'ectaculi
730 2955 868 3040 populus
890 2954 928 3018 in'
949 2954 1091 3019 medium
1110 2955 1259 3020 decurrit.
1281 2975 1320 3020 eo
1334 2975 1430 3019 seua„

353 3052 422 3106 tum
452 2977 575 3107 conscii
592 3044 725 3121 vocavit,
756 3041 956 3128 recitatisque
985 3041 1119 3118 tabellis,
1156 3063 1198 3108 ex
1236 3039 1430 3106 auctoritate

354 3127 488 3195 Petrum
512 3152 572 3215 pro
601 3129 678 3194 foris
706 3128 852 3214 publicis
868 3127 1072 3196 denunciavit
1100 3127 1304 3214 populotL.
1319 3127 1431 3193 AErat'·

351 3216 427 3280 lium
437 3218 582 3302 collegam
596 3219 695 3302 signis
709 3217 918 3280 conlatorem
932 3238 1004 3301 rege
1014 3219 1128 3282 Perseo
1136 3238 1303 3302 pugrrarse.
1347 3215 1431 3278 Ma·

350 3305 493 3368 cadonum
522 3297 685 3368 exercitum
722 3323 827 3368 cresum
849 3303 1028 3387 fusumque.
1073 3303 1189 3388 Regem
1215 3313 1283 3366 cu'm
1314 3303 1432 3384 paucis

336 3389 471 3474 fugisse.
494 3391 632 3454 ciuitates
644 3412 746 3455 omnes
758 3389 955 3456 Macedouiae
965 3392 1000 3452 in
1008 3382 1156 3454 ditionem
1165 3389 1280 3473 populi
1286 3387 1432 3458 Romani

349 3480 475 3556 venisse.
522 3474 586 3540 His
612 3476 737 3553 auditis,
765 3474 885 3540 clamor
914 3497 987 3540 curn
1017 3475 1295 3566 ingenti-«plnum¹
1313 3487 1427 3540 ortus:

381 3667 520 3714 lanrratt
532 3697 537 3713 .
549 3698 557 3712 .
568 3699 574 3712 .
587 3673 699 3730 tanqrrom
716 3667 811 3712 incerta
831 3668 868 3712 rer'
901 3667 1043 3728 September
1061 3667 1150 3728 viginti
1170 3673 1195 3714 et
1217 3679 1306 3728 norem
1326 3665 1429 3712 dierum

343 3730 472 3796 gruttam]
495 3732 534 3778 Sic
553 3738 617 3780 recte
636 3731 755 3793 Sigonius
790 3731 867 3777 Vetus
899 3738 952 3778 eret
962 3746 994 3779 ex
1005 3729 1155 3779 ordinatione
1164 3731 1265 3787 Numa,
1275 3721 1350 3792 quein
1362 3737 1428 3778 tuuc

333 3843 335 3848 ,
346 3797 423 3843 codex
434 3797 519 3844 habuit
530 3801 640 3858 tanquam
649 3800 725 3844 certe.
899 3798 1062 3856 sequebantur
1071 3795 1183 3842 Romani.

379 3859 394 3907 2
411 3861 474 3908 Ante
484 3861 547 3908 ritem
557 3861 672 3908 &cimam
680 3861 736 3908 Kal.
747 3858 865 3923 October]
930 3861 948 3908 3
963 3859 1114 3925 Errendsstt]
1137 3861 1167 3907 ln
1176 3873 1286 3920 currum,
1294 3866 1324 3908 ut
1331 3861 1427 3922 nempe

345 3926 401 3972 Imo
417 3926 530 3973 Morem
547 3928 664 3988 quintum.
692 3925 718 3971 ls
733 3925 800 3972 enim
818 3931 866 3971 ter·
898 3925 1428 3984 eforispublicit,ubisedebat‚sdctrceree

306 4021 309 4027 ι
344 3992 394 4037 tius
412 3991 522 4036 decimus
541 3992 593 4038 dies
612 3997 663 4038 erat
681 3991 713 4036 ab
732 4003 761 4036 eo
773 4003 822 4052 quo
839 3991 866 4036 in
899 3990 955 4050 iret,
965 3995 1039 4051 atque
1054 3991 1111 4037 inde
1128 3990 1227 4052 signum
1237 3989 1362 4050 quadrigis
1378 3990 1428 4036 dra-

344 4054 490 4102 Macedouie
505 4060 642 4117 pugnatum
653 4060 699 4109 est,
710 4060 738 4102 ut
748 4054 812 4101 inira
823 4057 866 4101 ob·
897 4061 943 4101 ret.
977 4057 1092 4110 Ceterum
1108 4054 1210 4103 unicum
1219 4054 1345 4115 exemplar
1357 4066 1428 4114 prte-

344 4125 462 4166 servctur.
490 4121 524 4166 At
533 4120 609 4180 pridie
619 4120 703 4167 Nonas
712 4120 866 4180 Septembres
898 4119 991 4167 ferebat
1009 4119 1163 4179 reseranti,
1175 4119 1242 4168 unde
1258 4131 1366 4181 pronum
1383 4125 1428 4165 est

342 4189 480 4244 pugnatum
491 4185 586 4231 lueret:
605 4188 697 4245 (supra,
709 4185 726 4230 1,
738 4183 833 4231 XLIV.
843 4198 864 4231 c·
898 4185 991 4232 efficere
1011 4183 1147 4246 esmndmti,
1163 4185 1229 4248 quod
1248 4183 1341 4245 placuit
1357 4182 1427 4230 'l'nr-

341 4247 393 4306 st.)
426 4247 524 4296 Tertius
542 4251 651 4297 decimus
672 4256 755 4296 autem
778 4250 829 4296 dies
850 4263 864 4295 s
896 4250 1134 4296 ueboetGronovio.

340 4313 418 4373 pridie
434 4312 518 4359 Nouus
533 4313 686 4373 Septembres
700 4319 752 4360 eret
765 4319 824 4360 tuuc
840 4328 862 4360 a.
928 4314 945 4361 l
960 4313 1001 4360 Ad
1003 4313 1073 4374 soror
1078 4311 1193 4378 perblicor]
1208 4313 1266 4364 Vid.
1275 4318 1327 4362 not-
1336 4315 1376 4364 dl.
1388 4313 1426 4362 nd

341 4377 365 4424 d.
378 4377 435 4424 XV.
454 4377 509 4429 Kal.
525 4378 648 4426 Octobres.
682 4377 777 4426 Mensis
796 4379 863 4426 enim
895 4377 912 4423 l.
925 4377 1023 4428 xxlx.
1035 4391 1058 4426 c.
1069 4377 1108 4427 st.
