3042 4980
483 193 828 274 PRAEFATIO.
1117 201 1211 282 xlvii

120 398 346 478 sennhoncs
363 422 452 474 suus
470 393 687 494 epistolicae
705 383 861 474 diceret.
901 397 965 474 Sic
984 401 1096 498 igitur
1112 405 1213 481 ordi-

119 530 196 594 turz
234 515 458 594 Nouiculorn
484 513 589 600 bunc,
615 514 656 618 in
680 539 753 612 qun
775 517 1050 594 incditotionunr
1073 521 1215 620 obouot

106 634 252 731 soranos
267 643 306 708 ct
321 631 489 708 tirocinii
505 631 546 702 in
567 625 659 702 Tito
670 627 793 704 'Livio
808 631 880 704 mci
891 644 1038 730 pcrtcrn
1052 639 1212 722 oneravi,

118 750 255 850 optimo
266 749 384 822 sidere
394 748 541 832 ituram,
554 756 591 818 ct
602 743 758 820 domni
770 749 932 848 procella
943 761 1059 824 rocam
1071 749 1214 850 reipub·

116 864 342 962 licccpoprdi
354 860 521 936 Romani
536 885 620 936 oros
634 860 1117 956 cncummururamcensui,
1129 866 1216 940 siin

115 982 192 1080 pus
206 975 741 1056 materiamen-acuens
756 974 995 1054 Celsitadinir
1006 991 1079 1055 trcae
1090 1005 1217 1056 mosen

112 1122 189 1196 pro.
195 1119 388 1195 poroscmc
404 1095 647 1192 inradpcrcrn,
666 1104 703 1168 ct
719 1093 863 1168 iuncci
883 1093 1053 1170 Tutclnm
1069 1099 1215 1172 invoco·

114 1235 201 1286 rem.
248 1207 384 1285 Cetera
400 1209 449 1282 nd
468 1207 642 1290 eamdem
660 1231 832 1285 normam
849 1220 1103 1286 exactasunt.
1143 1210 1215 1286 At.

116 1337 258 1413 tamen,
271 1324 590 1424 quemadmodum
604 1321 782 1421 Virgilius
795 1349 837 1400 se
855 1325 905 1399 de
923 1324 1039 1400 Ennii
1057 1325 1215 1424 sterqui-

117 1441 210 1518 linio
227 1464 360 1516 aurum
378 1439 556 1537 colligere
582 1437 732 1531 aicbnt3
757 1440 810 1515 ita
825 1439 865 1514 in
891 1440 947 1515 his
963 1441 1048 1519 Jac.
1066 1441 1217 1516 Grono-

118 1557 167 1634 vii
193 1555 390 1644 fruticetis,
408 1564 447 1632 et
472 1553 574 1628 velut
600 1578 735 1652 aspero
761 1555 990 1655 horridaque
1016 1559 1112 1646 solo,
1136 1556 1217 1654 opi-

118 1698 218 1749 mam
245 1670 437 1746 interdum
462 1669 627 1768 praedam
647 1669 773 1750 venari
798 1682 837 1746 et
860 1673 1033 1770 excipere
1058 1672 1160 1764 licet,
1178 1682 1218 1748 et

118 1787 382 1866 exhaurienda
398 1787 438 1862 in
456 1785 626 1884 legendis
644 1787 725 1882 ejus
738 1786 1063 1878 dissertationibus
1081 1787 1215 1862 moles-

19 1989 20 2006 }
118 1905 172 1980 tie
187 1903 309 1980 multa
325 1901 487 1979 utilitate
512 1911 703 2002 pensatur,
722 1914 763 1978 ut
780 1902 819 1979 in
834 1904 975 1980 nostris
991 1905 1093 1982 uotis
1109 1903 1216 1982 iden-

19 2013 20 2016 *
117 2019 235 2096 tidem
253 2017 463 2118 apparebit

166 2133 323 2212 Eodem
346 2135 424 2210 fere
450 2144 619 2232 tempore
635 2159 713 2233 quo
739 2137 843 2234 apud
860 2135 1026 2212 Batavos
1044 2136 1293 2258 prodibattrtic
1279 2145 1361 2196 c··¹¹¹

19 2331 20 2340 χ
118 2250 285 2342 sociatus
302 2250 497 2350 utriusque
513 2249 826 2340 Gronoriilehor,
836 2250 1000 2328 Parisiis
1010 2275 1281 2350 novaque-no.
1225 2213 1357 2260 MD

19 2437 20 2448 ,
117 2393 192 2466 que
209 2365 308 2444 Livii
327 2363 444 2442 editio
462 2363 613 2464 publice
631 2364 827 2464 proposita
843 2376 913 2453 est,
933 2367 1120 2442 adornata
1136 2392 1170 2440 a
1167 2369 1214 2444 J

19 2501 20 2506 ‘
118 2482 279 2578 Dujatio
297 2482 349 2558 ad
367 2505 476 2558 usum
493 2479 572 2559 Ser.
592 2478 786 2580 Delphini
841 2480 967 2577 Huius
992 2480 1115 2580 operis
1131 2481 1215 2558 uni·
1226 2497 1286 2563 Eia·
1257 2498 1380 2558 umen

118 2623 265 2677 versam
278 2600 439 2675 somnam
455 2619 569 2674 nemo
582 2621 662 2674 non
675 2620 805 2695 equus
818 2596 1021 2674 aesumator
1037 2596 1250 2677 laudare-n
1224 2566 1375 2680 ”ibib

116 2715 176 2792 rit.
230 2713 346 2791 Notae
362 2714 550 2810 ejusmodi
568 2724 668 2802 sunt,
688 2723 729 2788 ut
755 2737 885 2790 earum
901 2725 1048 2804 auctor,
1067 2739 1147 2791 nou
1171 2697 1256 2792 euda
1242 2695 1320 2744 ”¹⁸³⁸

118 2838 265 2909 tentum
283 2855 368 2929 quae
393 2828 522 2926 gloriae
539 2829 621 2917 sihi,
641 2831 707 2904 red
736 2839 775 2904 et
797 2854 881 2928 quae
907 2855 1024 2930 quam
1049 2830 1218 2928 plurimis

117 2945 273 3024 utilitati
298 2968 383 3022 esre
408 2958 577 3044 possent,
603 2945 833 3046 spectavisse
859 2945 1055 3036 rideatur;
1089 2955 1218 3024 textus

116 3063 238 3162 ipsius
259 3061 405 3136 Liviani
430 3061 747 3153 emendationem,
764 3059 1020 3137 difficiliorum
1045 3060 1219 3138 locorum

114 3177 475 3278 interpretationem,
493 3177 643 3265 rituum,
667 3175 806 3274 legum,
824 3184 897 3252 etc.
926 3177 1074 3254 breuem
1100 3177 1219 3278 expli-

19 3339 20 3346 *
115 3295 323 3382 cntionem,
339 3291 502 3392 plurima
528 3293 577 3369 de
602 3291 886 3401 Geogrnphicis,
914 3317 991 3367 nou
1018 3317 1142 3391 pauca
1168 3293 1217 3370 ad

115 3408 312 3486 historiam
328 3409 448 3508 ipsam
475 3407 714 3508 pertinentis.
767 3407 947 3506 Explevit
963 3408 1078 3484 etiam
1095 3409 1220 3502 Duja-

116 3527 193 3605 tius
220 3551 269 3602 ea
286 3551 370 3626 quae
387 3525 428 3601 in
446 3525 586 3602 ultimis
612 3525 678 3624 qui
696 3534 847 3602 exstant
863 3523 960 3600 Livii
987 3523 1092 3600 libris
1118 3523 1218 3600 exci-

115 3636 266 3723 derant.
318 3642 497 3742 Denique
521 3667 702 3740 magnum
728 3669 807 3718 suae
831 3641 988 3718 editioni
1021 3664 1218 3716 ornamen-

116 3771 199 3838 tum
226 3758 385 3856 adjecit,
412 3760 677 3859 supplementa
700 3758 892 3835 inlocum
918 3758 1096 3832 librorum
1124 3755 1220 3832 Livii

116 3875 403 3978 deperditarum
429 3901 451 3952 a
467 3874 492 3949 J
496 3933 505 3952 .
523 3875 556 3952 F
558 3877 780 3954 reinshemio
798 3874 1039 3966 concinnata,
1058 3885 1099 3952 ut
1123 3874 1218 3954 inte·

115 4018 225 4092 grum
245 3993 432 4070 Romanae
457 3991 777 4091 historice-corpus
803 3989 1012 4066 eRomulo
1036 3991 1085 4068 ad
1104 4001 1221 4068 extre

115 4133 181 4186 ma
203 4113 284 4190 sere
310 4106 556 4208 principatus
571 4106 736 4205 Augusti
761 4116 932 4204 tempora
957 4117 1136 4206 perpetuo
1163 4115 1218 4188 te-

116 4250 208 4304 nore
224 4225 455 4326 perductum
472 4223 622 4305 lectoris
640 4223 761 4299 oculis
779 4221 1030 4299 exhiberetur.
1149 4287 1151 4290 .
