3056 4976
279 170 332 224 ω.
454 135 457 144 ‘
666 161 777 224 τιτι
801 159 942 224 ¹L1v11
984 141 994 212 l,

85 401 87 408 Ι
121 334 258 390 unere.
280 333 411 394 onerare
432 325 549 392 voluit:
573 328 782 392 conrmuniter
803 327 843 392 ab
860 327 1006 414 utrisque
1027 327 1126 411 petiit,
1140 327 1350 393 abstinerent,

94 427 101 440 ’
122 399 192 464 ¹⁴²⁰·
204 404 258 448 ¹²³·
281 414 375 489 hello,
390 427 421 478 et
432 413 592 477 oblivione
607 413 838 497 praeteritorum
850 413 1024 477 discordias
1037 413 1180 478 linirent.
1225 415 1335 500 Hujus

142 507 144 512 ’
280 499 543 566 reconciliationis
566 502 647 563 inter
672 499 757 582 ipsos
783 499 860 563 fides
888 499 1052 564 obsidibus
1079 500 1164 564 ultro
1193 501 1338 586 citroque

189 621 208 645 ,v
280 587 361 651 datis
377 585 501 686 firmata
515 598 570 650 est.
614 585 815 662 Corinthum,
831 597 867 650 ut
881 585 925 650 ihi
947 587 1178 671 deponerentur
1198 587 1335 663 obsides,

280 684 500 736 convennur..

324 757 382 822 Vl.
406 755 585 841 ADelphis
604 769 636 822 et
652 755 792 821 AEtolico
813 757 947 824 concilio
960 757 1164 823 1⁵Marcellus
1186 759 1217 822 in
1243 757 1337 822 Pelo-
1439 829 1441 834 ,

281 865 457 928 ponnesum
477 843 608 928 trajecit,
623 864 686 928 quo
704 843 830 912 Achaeis
851 845 991 908 edixerat
1013 857 1212 910 conventum.
1258 843 1337 921 Ubi,

242 1003 252 1012 ⁵
282 929 468 994 conlaudata
481 943 582 1014 gente,
599 929 685 1014 qood
702 943 880 994 constanter
895 945 982 994 vetus
996 930 1155 996 decretum
1172 930 1214 994 de
1228 951 1340 994 arcen-

281 1013 1427 1102 mmmfflmmfflmffiMmmmeQO-

282 1101 429 1166 allueraus
445 1101 559 1166 Persea
572 1101 679 1166 odium
697 1101 913 1166 Romanorum
929 1101 1000 1166 iecit
1009 1126 1028 1176 ε,
1040 1103 1125 1188 quod
1137 1115 1172 1167 ut
1183 1103 1339 1166 mattarios

218 1247 220 1256 .
281 1201 469 1273 erumperet,
500 1187 657 1251 Eumenes
685 1209 755 1264 rex,
785 1189 1046 1253 commentarium
1083 1187 1185 1253 ferens
1221 1209 1338 1266 secum,

281 1275 365 1358 quod
380 1275 420 1338 de
434 1273 636 1358 adparatibus
656 1273 728 1336 belli
750 1275 856 1338 omnia
877 1274 1039 1362 inquirens
1060 1273 1185 1351 iecerat,
1202 1275 1337 1338 Romam

37 1395 39 1402 ·
123 1361 241 1430 negante
283 1360 375 1426 venit.
422 1360 483 1426 Per
500 1359 588 1424 idem
614 1372 737 1444 tempus
761 1360 900 1446 quinque
926 1362 1018 1444 legati
1041 1361 1080 1424 ad
1108 1382 1212 1445 regem
1239 1361 1338 1437 missi,

123 1435 259 1545 nuacon-
282 1448 335 1532 qui
352 1467 401 1509 res
418 1446 451 1509 in
469 1444 657 1510 Macedonia
677 1444 884 1530 ddspicerent.
927 1447 1154 1517 Alexandriam
1178 1445 1271 1510 iidem
1294 1447 1337 1512 ad

122 1513 260 1626 Ἒᾶμω,
285 1531 487 1597 l'tolernaeum
518 1530 709 1610 renotandae
744 1532 891 1595 amicitiae
925 1555 1035 1598 causm
1063 1531 1218 1616 proficisci
1247 1533 1339 1618 jussi.

94 1632 95 1640 ’
284 1619 399 1704 Legati·
417 1630 513 1682 verant
537 1617 581 1694 hi,
607 1616 645 1680 C.
662 1617 813 1695 Valerius,
838 1618 900 1682 Cn.
917 1619 1062 1684 Lutatius
1079 1619 1190 1693 Cerea,
1208 1619 1248 1686 Q·
1266 1617 1340 1682 Bae-

283 1705 352 1770 hius
367 1703 484 1780 Sulca,
509 1701 557 1767 M.
574 1703 739 1768 Cornelius
761 1704 948 1781 Mammula,
971 1703 1020 1768 M.
1037 1705 1186 1769 Caecilius
1206 1705 1340 1768 Denter.

123 1801 245 1866 negarier»
285 1791 328 1854 Et
351 1789 392 1854 ab
418 1788 579 1854 Antiocho
604 1810 678 1875 rege
706 1789 765 1853 sub
790 1789 873 1854 idem
897 1803 1030 1874 tempus¹
1046 1791 1141 1875 legati
1166 1787 1338 1855 venerunt:

121 1869 272 1982 mm?
284 1895 419 1962 quorum
441 1876 585 1960 princeps
600 1875 799 1959 Apollonius,
815 1876 848 1942 in
870 1890 1012 1941 senatum
1034 1876 1242 1952 introductus,
1259 1876 1341 1940 mul-

72 1989 79 1996 ·
122 1999 202 2046 „iffi
285 1965 324 2028 tis
333 1963 487 2048 justisque
501 1961 616 2032 caussis
631 1982 736 2049 regem
759 1964 928 2040 excusavit,
946 1965 1036 2037 Qreod
1047 1964 1229 2046 suspendium
1242 1964 1341 2028 serius

284 2051 386 2133 quoad
409 2051 486 2112 diem
506 2057 681 2130 praestcret.
702 2048 736 2110 id
756 2070 788 2112 se
809 2055 895 2112 omne
918 2051 1091 2126 edocuisse«
1106 2071 1144 2112 ue
1163 2047 1255 2130 apres,
1278 2050 1344 2113 nisi

246 2187 248 2192 .
281 2136 432 2216 terporis,
445 2137 554 2218 gratio
567 2134 633 2218 regi
635 2135 740 2216 fieret.
785 2135 908 2198 Donum
917 2145 1071 2218 pretereo
1086 2134 1219 2220 adferre
1235 2133 1341 2198 ¹⁶oosc

185 2233 191 2250 '
281 2241 377 2286 aurea
391 2219 584 2305 quingentum
599 2222 715 2302 pondo.
733 2257 736 2260 -
753 2221 872 2284 Petere
892 2243 1000 2306 regem,
1016 2231 1061 2300 at,
1076 2241 1151 2304 quae‘
1164 2241 1228 2284 cum
1240 2229 1341 2302 patre

282 2331 336 2372 arco
349 2309 477 2372 societas
490 2315 582 2390 atque
595 2305 869 2390 curicitiafieisset,
885 2329 922 2370 ea
936 2326 1030 2390 secum
1045 2314 1257 2378 reseraretur,
1282 2307 1340 2369 im-

277 2389 464 2477 peraretque
487 2393 547 2457 sihi
563 2394 696 2474 populus
716 2393 880 2467 Romanus,
905 2414 973 2477 quae
996 2393 1073 2454 hono
1081 2393 1235 2476 fidelique
1258 2393 1340 2456 socio

283 2483 350 2565 regi
364 2489 461 2545 essent
474 2480 665 2562 imperanda.
686 2499 718 2542 se
731 2481 815 2542 nullo
828 2501 952 2562 requam
963 2489 1142 2543 cessauerant
1152 2477 1259 2565 officio
1289 2479 1344 2542 Eu

228 2576 230 2586 ’
282 2567 440 2630 meritoria
461 2587 492 2628 se
505 2564 750 2647 senatua‘fuisse,
766 2585 854 2648 quum
869 2566 976 2628 Romu
990 2575 1074 2639 esset,
1089 2565 1339 2627 eamtcome‘tatem

272 2652 454 2738 jecoentutis,
470 2661 504 2712 ut
512 2671 574 2731 pro
588 2671 668 2732 rege,
683 2671 744 2732 non
752 2671 815 2732 pro
828 2650 937 2728 obside,
952 2651 1087 2714 erunibus
1100 2649 1259 2714 ordinibus
1260 2650 1340 2732 sue,

284 2739 339 2800 rit.
382 2734 510 2819 Legatis
535 2734 670 2820 benigne
698 2755 894 2818 responsum,
919 2749 950 2800 et
978 2736 1157 2812 societatem
1187 2755 1340 2800 renovare

284 2843 356 2886 cnm
372 2821 544 2897 Antiocho,
559 2841 630 2905 quae
650 2841 722 2883 oum
747 2834 836 2903 patre
856 2823 922 2906 ejus
942 2820 1055 2902 fuerat,
1069 2823 1108 2886 A.
1121 2821 1240 2885 Atilius
1255 2841 1346 2905 prm,
1366 2832 1369 2836 ’

239 2929 242 2936 ·
283 2921 335 2972 tor
362 2905 503 2978 urbanus
525 2907 657 2990 jussus.¹
684 2904 867 2992 Quaestores
895 2906 1008 2972 urbani
1043 2906 1245 2998 stipendium,
1267 2929 1344 2988 uasa

283 3015 377 3058 aurea
399 3007 544 3056 censores
565 3004 769 3075 occeperunt:
790 2993 896 3078 eisque
917 2993 1077 3080 negotium
1101 2992 1213 3072 datum
1231 3004 1289 3069 est,
1306 3004 1349 3057 ut*

283 3092 438 3162 ponerent
451 3101 497 3154 ea,
513 3077 670 3164 inquibus
685 3078 809 3164 templis
821 3079 996 3145 videretur:
1019 3079 1044 3123 ¹⁷
1053 3079 1217 3165 legatoque
1232 3077 1342 3142 ¹⁸cen·

284 3178 349 3229 tum
366 3163 497 3228 millium
519 3165 591 3228 aeris
612 3186 725 3228 munus
746 3166 887 3243 missum,
902 3180 934 3230 et
947 3165 1064 3230 ²⁹aedes
1080 3166 1187 3228 liberae
1201 3162 1344 3246 hospitio

284 3250 379 3327 datae,
395 3262 576 3334 sumtusqoe
590 3250 743 3328 decretus,
759 3250 861 3316 donec
883 3254 915 3315 in
932 3249 1025 3317 ltalia
1046 3264 1134 3314 esset.
1178 3250 1204 3288 ²⁰
1215 3251 1339 3336 Legati,

283 3339 337 3422 qui
354 3336 385 3399 in
400 3335 634 3422 Syriafuerant,
648 3338 922 3418 renunciaverunt,
935 3339 966 3402 in
982 3337 1124 3401 maximo
1135 3359 1206 3400 eum
1220 3336 1342 3401 honore

231 3483 234 3492 ,
283 3422 367 3508 apud
383 3443 487 3509 regern
503 3444 579 3499 esse,
596 3422 886 3509 amicissimumque
898 3423 1019 3508 populo
1037 3423 1196 3486 Romano.

305 3507 402 3574 ·'V11.
429 3509 465 3574 ln
481 3507 651 3595 provinciis
666 3531 704 3573 eo
719 3531 804 3574 orrno
820 3510 896 3576 haec.
943 3509 982 3576 C.
1000 3508 1157 3574 Cicereius
1172 3522 1290 3594 praetor
1306 3508 1339 3571 in

320 3695 346 3734 15
363 3680 493 3733 Marcellae
509 3686 536 3730 in
545 3684 729 3745 Peloponnesum
744 3692 794 3731 tra·
826 3686 962 3747 Apollonio.

179 3801 182 3808 ¹
246 3781 249 3787 -
277 3753 350 3816 jecit,
369 3748 424 3812 qao]
456 3751 556 3804 Videtur
574 3751 686 3796 excidisse
708 3764 792 3796 nomeu
861 3757 889 3797 18
909 3752 1007 3797 Centum
1019 3749 1122 3796 millium
1131 3744 1199 3810 arie]
1216 3748 1276 3798 Quae
1287 3748 1341 3792 red·

283 3819 334 3878 ejus
346 3817 420 3870 urhis,
432 3816 473 3862 ubi
485 3816 542 3862 iliud
555 3816 683 3862 couehiuro
695 3815 794 3862 Achaeo·
820 3825 884 3862 eunt
899 3816 928 3862 ed
944 3829 1034 3863 merces
1051 3815 1141 3871 argenti
1153 3819 1270 3859 noneste·
1285 3815 1339 3860 1⁵6.

282 3897 335 3932 runa
349 3882 455 3927 habitum
468 3885 514 3926 ut.
822 3881 907 3926 'unciae
919 3887 943 3926 A.

319 3953 348 3994 16
367 3947 432 3992 Varo
448 3959 521 3992 aereo
536 3943 692 4004 quingenties
705 3945 791 4005 pondo]
859 3949 887 3994 to
904 3940 1076 4006 AEdeelibera]
1092 3944 1143 3991 vid.
1156 3941 1337 4012 noiradXXX.
1431 3997 1436 4002 -

283 4014 364 4060 Livius
376 4012 456 4071 procul
469 4010 540 4057 dubio
550 4023 672 4056 primarum
684 4023 791 4056 rasorum
828 4015 863 4058 17.
1222 4035 1239 4056 d

283 4080 433 4138 apposuerat,
450 4089 519 4134 quem
540 4074 684 4121 librariorum
704 4076 795 4121 incuria
859 4081 890 4125 20
909 4074 995 4132 hepati
1005 4076 1047 4134 qui
1058 4075 1085 4120 t'a
1096 4073 1288 4136 Syriofueront,
1301 4083 1339 4115 re·

283 4143 357 4206 perire
372 4150 440 4200 passe
456 4145 500 4185 eat.
534 4140 643 4185 Ceterum
664 4141 795 4200 quingenta
826 4137 1011 4198 aasumensi]
1037 4140 1115 4199 Magis
1134 4140 1236 4199 placeret
1251 4147 1339 4181 rmn-

282 4206 363 4269 pondo
373 4204 424 4250 auri
440 4209 595 4250 suot-marcae
611 4205 661 4252 auri
674 4211 793 4252 nostrates
824 4206 954 4250 cieverunt.
987 4204 1131 4250 *Hiaenim
1149 4199 1336 4255 redditnrratio,

284 4277 338 4322 781.
352 4269 427 4328 unciae
440 4275 463 4314 2.
825 4283 867 4320 cur
887 4276 936 4316 tarn
958 4266 1274 4316 maerensmaerens
1295 4264 1338 4311 ille

318 4341 346 4384 17
363 4327 511 4395 negatoque]
545 4333 646 4395 Principi
669 4333 793 4396 legationis
825 4334 938 4382 Antiochi
951 4333 1050 4394 legetur.
1096 4337 1100 4340 ’
