<?xml version="1.0" encoding="UTF-8"?>
<!DOCTYPE html PUBLIC "-//W3C//DTD XHTML 1.0 Transitional//EN"
    "http://www.w3.org/TR/xhtml1/DTD/xhtml1-transitional.dtd">
<html xmlns="http://www.w3.org/1999/xhtml" xml:lang="en" lang="en">
 <head>
  <title>
</title>
<meta http-equiv="Content-Type" content="text/html;charset=utf-8" />
  <meta name='ocr-system' content='tesseract 3.04.00' />
  <meta name='ocr-capabilities' content='ocr_page ocr_carea ocr_par ocr_line ocrx_word'/>
</head>
<body>
  <div class='ocr_page' id='page_1' title='image "./tliviipatavinih03crevgoog_0263.png"; bbox 0 0 3120 4984; ppageno 0'>
   <div class='ocr_carea' id='block_1_1' title="bbox 345 165 1012 232">
    <p class='ocr_par' dir='ltr' id='par_1_1' title="bbox 345 165 1012 232">
     <span class='ocr_line' id='line_1_1' title="bbox 345 165 1012 232; baseline -0.006 0"><span class='ocrx_word' id='word_1_1' title='bbox 345 179 405 232; x_wconf 77' lang='lat'><strong>112</strong></span> <span class='ocrx_word' id='word_1_2' title='bbox 740 165 850 230; x_wconf 78' lang='lat' dir='ltr'><strong>TlTl</strong></span> <span class='ocrx_word' id='word_1_3' title='bbox 878 167 1012 230; x_wconf 86' lang='lat' dir='ltr'>LIVII</span> 
     </span>
    </p>
   </div>
   <div class='ocr_carea' id='block_1_2' title="bbox 127 325 1420 3016">
    <p class='ocr_par' dir='ltr' id='par_1_2' title="bbox 127 325 1420 3016">
     <span class='ocr_line' id='line_1_2' title="bbox 183 325 1415 413; baseline -0.002 -17"><span class='ocrx_word' id='word_1_4' title='bbox 183 343 213 396; x_wconf 79' lang='lat' dir='ltr'><strong>o.</strong></span> <span class='ocrx_word' id='word_1_5' title='bbox 224 345 252 396; x_wconf 82' lang='lat' dir='ltr'><strong>c.</strong></span> <span class='ocrx_word' id='word_1_6' title='bbox 263 343 319 396; x_wconf 72' lang='lat' dir='ltr'><strong>aaa</strong></span> <span class='ocrx_word' id='word_1_7' title='bbox 344 345 463 413; x_wconf 79' lang='lat' dir='ltr'><strong>carent,</strong></span> <span class='ocrx_word' id='word_1_8' title='bbox 479 331 564 398; x_wconf 89' lang='lat' dir='ltr'><strong>missi</strong></span> <span class='ocrx_word' id='word_1_9' title='bbox 579 343 663 410; x_wconf 88' lang='lat' dir='ltr'><strong>aunt,</strong></span> <span class='ocrx_word' id='word_1_10' title='bbox 679 331 718 398; x_wconf 73' lang='grc' dir='ltr'><strong>Τ.</strong></span> <span class='ocrx_word' id='word_1_11' title='bbox 732 332 858 399; x_wconf 85' lang='lat' dir='ltr'>Annius</span> <span class='ocrx_word' id='word_1_12' title='bbox 871 331 1008 408; x_wconf 82' lang='lat' dir='ltr'><strong>¹Luscus,</strong></span> <span class='ocrx_word' id='word_1_13' title='bbox 1025 329 1063 398; x_wconf 92' lang='lat' dir='ltr'><strong>P.</strong></span> <span class='ocrx_word' id='word_1_14' title='bbox 1073 329 1195 398; x_wconf 79' lang='lat' dir='ltr'>Decius</span> <span class='ocrx_word' id='word_1_15' title='bbox 1211 325 1346 410; x_wconf 87' lang='lat' dir='ltr'><strong>Subulo,</strong></span> <span class='ocrx_word' id='word_1_16' title='bbox 1363 325 1415 396; x_wconf 89' lang='lat' dir='ltr'><strong>M.</strong></span> 
     </span>
     <span class='ocr_line' id='line_1_3' title="bbox 181 410 1416 506; baseline -0.009 -15"><span class='ocrx_word' id='word_1_17' title='bbox 181 413 213 462; x_wconf 75' lang='lat' dir='ltr'><strong>A.</strong></span> <span class='ocrx_word' id='word_1_18' title='bbox 225 412 251 459; x_wconf 80' lang='lat'><strong>⁰·</strong></span> <span class='ocrx_word' id='word_1_19' title='bbox 262 410 319 490; x_wconf 58' lang='lat'><strong>3⁶⁹·</strong></span> <span class='ocrx_word' id='word_1_20' title='bbox 346 419 514 489; x_wconf 87' lang='lat' dir='ltr'><strong>Cornelius</strong></span> <span class='ocrx_word' id='word_1_21' title='bbox 531 419 700 506; x_wconf 81' lang='lat' dir='ltr'><strong>Cethegus.</strong></span> <span class='ocrx_word' id='word_1_22' title='bbox 745 419 867 484; x_wconf 90' lang='lat' dir='ltr'><strong>Eodem</strong></span> <span class='ocrx_word' id='word_1_23' title='bbox 890 441 976 484; x_wconf 86' lang='lat' dir='ltr'><strong>enno</strong></span> <span class='ocrx_word' id='word_1_24' title='bbox 992 419 1031 483; x_wconf 89' lang='lat' dir='ltr'><strong>C.</strong></span> <span class='ocrx_word' id='word_1_25' title='bbox 1048 417 1204 504; x_wconf 83' lang='lat' dir='ltr'><strong>Popillius</strong></span> <span class='ocrx_word' id='word_1_26' title='bbox 1225 431 1256 482; x_wconf 88' lang='lat' dir='ltr'><strong>et</strong></span> <span class='ocrx_word' id='word_1_27' title='bbox 1272 415 1334 480; x_wconf 90' lang='lat' dir='ltr'><strong>Cn.</strong></span> <span class='ocrx_word' id='word_1_28' title='bbox 1348 415 1416 481; x_wconf 90' lang='lat' dir='ltr'><strong>Oo-</strong></span> 
     </span>
     <span class='ocr_line' id='line_1_4' title="bbox 182 479 1416 595; baseline -0.006 -21"><span class='ocrx_word' id='word_1_29' title='bbox 182 479 292 588; x_wconf 56' lang='lat' dir='ltr'><strong>iffi,</strong></span> <span class='ocrx_word' id='word_1_30' title='bbox 344 509 447 574; x_wconf 88' lang='lat' dir='ltr'><strong>tavius</strong></span> <span class='ocrx_word' id='word_1_31' title='bbox 462 507 569 595; x_wconf 83' lang='lat' dir='ltr'><strong>legati,</strong></span> <span class='ocrx_word' id='word_1_32' title='bbox 584 509 638 593; x_wconf 89' lang='lat' dir='ltr'><strong>qui</strong></span> <span class='ocrx_word' id='word_1_33' title='bbox 655 507 693 570; x_wconf 89' lang='lat' dir='ltr'><strong>in</strong></span> <span class='ocrx_word' id='word_1_34' title='bbox 704 506 864 570; x_wconf 78' lang='lat' dir='ltr'><strong>Graeciam</strong></span> <span class='ocrx_word' id='word_1_35' title='bbox 880 506 967 570; x_wconf 89' lang='lat' dir='ltr'><strong>missi</strong></span> <span class='ocrx_word' id='word_1_36' title='bbox 981 516 1084 586; x_wconf 87' lang='lat' dir='ltr'><strong>erant,</strong></span> <span class='ocrx_word' id='word_1_37' title='bbox 1094 503 1416 581; x_wconf 81' lang='lat' dir='ltr'><strong>senatusconsultum,</strong></span> 
     </span>
     <span class='ocr_line' id='line_1_5' title="bbox 127 588 1417 678; baseline 0 -26"><span class='ocrx_word' id='word_1_38' title='bbox 127 633 130 641; x_wconf 85' lang='lat'>-</span> <span class='ocrx_word' id='word_1_39' title='bbox 182 607 283 654; x_wconf 77' lang='lat' dir='ltr'><strong>Graue·</strong></span> <span class='ocrx_word' id='word_1_40' title='bbox 344 593 463 660; x_wconf 84' lang='lat' dir='ltr'><strong>Thebis</strong></span> <span class='ocrx_word' id='word_1_41' title='bbox 479 597 619 678; x_wconf 88' lang='lat' dir='ltr'><strong>primum</strong></span> <span class='ocrx_word' id='word_1_42' title='bbox 633 593 812 674; x_wconf 86' lang='lat' dir='ltr'><strong>recitatum,</strong></span> <span class='ocrx_word' id='word_1_43' title='bbox 824 615 882 678; x_wconf 90' lang='lat' dir='ltr'><strong>per</strong></span> <span class='ocrx_word' id='word_1_44' title='bbox 896 615 1006 656; x_wconf 89' lang='lat' dir='ltr'><strong>omnes</strong></span> <span class='ocrx_word' id='word_1_45' title='bbox 1019 591 1230 678; x_wconf 87' lang='lat' dir='ltr'><strong>Peloponnesi</strong></span> <span class='ocrx_word' id='word_1_46' title='bbox 1241 588 1336 654; x_wconf 86' lang='lat' dir='ltr'><strong>urbes</strong></span> <span class='ocrx_word' id='word_1_47' title='bbox 1351 591 1417 653; x_wconf 90' lang='lat' dir='ltr'><strong>oir-</strong></span> 
     </span>
     <span class='ocr_line' id='line_1_6' title="bbox 345 677 1418 764; baseline -0.007 -18"><span class='ocrx_word' id='word_1_48' title='bbox 345 679 569 756; x_wconf 80' lang='lat' dir='ltr'><strong>contulerunt,</strong></span> <span class='ocrx_word' id='word_1_49' title='bbox 583 680 631 744; x_wconf 89' lang='lat' dir='ltr'><strong>Ne</strong></span> <span class='ocrx_word' id='word_1_50' title='bbox 640 681 709 763; x_wconf 81' lang='lat' dir='ltr'><strong>quis</strong></span> <span class='ocrx_word' id='word_1_51' title='bbox 718 682 812 744; x_wconf 83' lang='lat' dir='ltr'><strong>ullam</strong></span> <span class='ocrx_word' id='word_1_52' title='bbox 824 702 886 744; x_wconf 85' lang='lat' dir='ltr'><strong>rem</strong></span> <span class='ocrx_word' id='word_1_53' title='bbox 899 682 932 743; x_wconf 83' lang='lat' dir='ltr'><strong>in</strong></span> <span class='ocrx_word' id='word_1_54' title='bbox 943 679 1050 744; x_wconf 82' lang='lat' dir='ltr'><strong>bellum</strong></span> <span class='ocrx_word' id='word_1_55' title='bbox 1058 677 1290 764; x_wconf 84' lang='lat' dir='ltr'><strong>magistratibus</strong></span> <span class='ocrx_word' id='word_1_56' title='bbox 1300 677 1418 740; x_wconf 54' lang='lat' dir='ltr'><strong>Romo</strong></span> 
     </span>
     <span class='ocr_line' id='line_1_7' title="bbox 344 761 1420 854; baseline -0.007 -22"><span class='ocrx_word' id='word_1_57' title='bbox 344 771 395 834; x_wconf 81' lang='lat' dir='ltr'><strong>nis</strong></span> <span class='ocrx_word' id='word_1_58' title='bbox 405 767 568 854; x_wconf 56' lang='lat' dir='ltr'><strong>conferret,</strong></span> <span class='ocrx_word' id='word_1_59' title='bbox 578 779 786 850; x_wconf 73' lang='lat' dir='ltr'><strong>prater-quam</strong></span> <span class='ocrx_word' id='word_1_60' title='bbox 801 768 883 850; x_wconf 83' lang='lat' dir='ltr'><strong>quod</strong></span> <span class='ocrx_word' id='word_1_61' title='bbox 894 777 1017 832; x_wconf 81' lang='lat' dir='ltr'><strong>senatus</strong></span> <span class='ocrx_word' id='word_1_62' title='bbox 1027 766 1197 830; x_wconf 68' lang='lat' dir='ltr'><strong>emmisset.</strong></span> <span class='ocrx_word' id='word_1_63' title='bbox 1243 762 1320 828; x_wconf 92' lang='lat' dir='ltr'><strong>Hoc</strong></span> <span class='ocrx_word' id='word_1_64' title='bbox 1332 761 1420 826; x_wconf 87' lang='lat' dir='ltr'><strong>fidu-</strong></span> 
     </span>
     <span class='ocr_line' id='line_1_8' title="bbox 346 850 1419 938; baseline -0.007 -18"><span class='ocrx_word' id='word_1_65' title='bbox 346 856 426 921; x_wconf 82' lang='lat' dir='ltr'><strong>ciam</strong></span> <span class='ocrx_word' id='word_1_66' title='bbox 442 855 475 917; x_wconf 93' lang='lat' dir='ltr'><strong>in</strong></span> <span class='ocrx_word' id='word_1_67' title='bbox 491 865 653 938; x_wconf 85' lang='lat' dir='ltr'><strong>posterum</strong></span> <span class='ocrx_word' id='word_1_68' title='bbox 665 874 792 938; x_wconf 91' lang='lat' dir='ltr'><strong>quoque</strong></span> <span class='ocrx_word' id='word_1_69' title='bbox 806 851 997 937; x_wconf 72' lang='lat' dir='ltr'><strong>praebuerat,</strong></span> <span class='ocrx_word' id='word_1_70' title='bbox 1009 851 1127 916; x_wconf 85' lang='lat' dir='ltr'><strong>levatos</strong></span> <span class='ocrx_word' id='word_1_71' title='bbox 1138 873 1172 916; x_wconf 88' lang='lat' dir='ltr'><strong>se</strong></span> <span class='ocrx_word' id='word_1_72' title='bbox 1183 850 1419 935; x_wconf 76' lang='lat' dir='ltr'><strong>oneribusque¹</strong></span> 
     </span>
     <span class='ocr_line' id='line_1_9' title="bbox 344 935 1417 1026; baseline -0.006 -22"><span class='ocrx_word' id='word_1_73' title='bbox 344 939 560 1026; x_wconf 88' lang='lat' dir='ltr'><strong>inpensisque,</strong></span> <span class='ocrx_word' id='word_1_74' title='bbox 575 937 701 1026; x_wconf 90' lang='lat' dir='ltr'><strong>quibus,</strong></span> <span class='ocrx_word' id='word_1_75' title='bbox 716 937 778 1004; x_wconf 89' lang='lat' dir='ltr'><strong>alia</strong></span> <span class='ocrx_word' id='word_1_76' title='bbox 792 938 860 1004; x_wconf 91' lang='lat' dir='ltr'><strong>aliis</strong></span> <span class='ocrx_word' id='word_1_77' title='bbox 877 938 1117 1024; x_wconf 83' lang='lat' dir='ltr'><strong>imperantibus,</strong></span> <span class='ocrx_word' id='word_1_78' title='bbox 1133 935 1417 1002; x_wconf 85' lang='lat' dir='ltr'><strong>exhauriebantur.</strong></span> 
     </span>
     <span class='ocr_line' id='line_1_10' title="bbox 345 1023 1417 1113; baseline -0.006 -19"><span class='ocrx_word' id='word_1_79' title='bbox 345 1026 525 1094; x_wconf 74' lang='lat' dir='ltr'><strong>⁹²Achaico</strong></span> <span class='ocrx_word' id='word_1_80' title='bbox 550 1025 685 1091; x_wconf 91' lang='lat' dir='ltr'><strong>concilio</strong></span> <span class='ocrx_word' id='word_1_81' title='bbox 707 1025 806 1110; x_wconf 88' lang='lat' dir='ltr'><strong>Argis</strong></span> <span class='ocrx_word' id='word_1_82' title='bbox 831 1025 961 1111; x_wconf 83' lang='lat' dir='ltr'><strong>agitato,</strong></span> <span class='ocrx_word' id='word_1_83' title='bbox 977 1024 1150 1113; x_wconf 76' lang='lat' dir='ltr'><strong>⁹³benigne</strong></span> <span class='ocrx_word' id='word_1_84' title='bbox 1175 1023 1273 1089; x_wconf 89' lang='lat' dir='ltr'><strong>locuti</strong></span> <span class='ocrx_word' id='word_1_85' title='bbox 1298 1023 1417 1088; x_wconf 90' lang='lat' dir='ltr'><strong>auditi·</strong></span> 
     </span>
     <span class='ocr_line' id='line_1_11' title="bbox 368 1110 1414 1199; baseline -0.005 -21"><span class='ocrx_word' id='word_1_86' title='bbox 368 1136 418 1190; x_wconf 90' lang='lat' dir='ltr'><strong>ue,</strong></span> <span class='ocrx_word' id='word_1_87' title='bbox 432 1112 596 1199; x_wconf 74' lang='lat' dir='ltr'><strong>⁹⁴egregia</strong></span> <span class='ocrx_word' id='word_1_88' title='bbox 617 1133 673 1197; x_wconf 88' lang='lat' dir='ltr'><strong>spe</strong></span> <span class='ocrx_word' id='word_1_89' title='bbox 693 1110 793 1177; x_wconf 83' lang='lat' dir='ltr'><strong>futuri</strong></span> <span class='ocrx_word' id='word_1_90' title='bbox 819 1126 919 1176; x_wconf 87' lang='lat' dir='ltr'><strong>status</strong></span> <span class='ocrx_word' id='word_1_91' title='bbox 940 1112 1094 1176; x_wconf 90' lang='lat' dir='ltr'><strong>fidissima</strong></span> <span class='ocrx_word' id='word_1_92' title='bbox 1114 1129 1210 1199; x_wconf 84' lang='lat' dir='ltr'><strong>gente</strong></span> <span class='ocrx_word' id='word_1_93' title='bbox 1236 1110 1356 1187; x_wconf 89' lang='lat' dir='ltr'><strong>relicta,</strong></span> <span class='ocrx_word' id='word_1_94' title='bbox 1378 1110 1414 1174; x_wconf 93' lang='lat' dir='ltr'><strong>in</strong></span> 
     </span>
     <span class='ocr_line' id='line_1_12' title="bbox 345 1137 1416 1286; baseline -0.004 -22"><span class='ocrx_word' id='word_1_95' title='bbox 345 1137 505 1266; x_wconf 69' lang='lat' dir='ltr'><strong>lusatiam</strong></span> <span class='ocrx_word' id='word_1_96' title='bbox 519 1201 722 1286; x_wconf 88' lang='lat' dir='ltr'><strong>trajecerunt.</strong></span> <span class='ocrx_word' id='word_1_97' title='bbox 768 1198 818 1262; x_wconf 93' lang='lat' dir='ltr'><strong>lbi</strong></span> <span class='ocrx_word' id='word_1_98' title='bbox 833 1199 976 1264; x_wconf 92' lang='lat' dir='ltr'><strong>nondum</strong></span> <span class='ocrx_word' id='word_1_99' title='bbox 991 1197 1119 1284; x_wconf 91' lang='lat' dir='ltr'><strong>quidem</strong></span> <span class='ocrx_word' id='word_1_100' title='bbox 1135 1196 1249 1262; x_wconf 90' lang='lat' dir='ltr'><strong>seditio</strong></span> <span class='ocrx_word' id='word_1_101' title='bbox 1264 1211 1342 1275; x_wconf 88' lang='lat' dir='ltr'><strong>erat,</strong></span> <span class='ocrx_word' id='word_1_102' title='bbox 1359 1195 1416 1261; x_wconf 89' lang='lat' dir='ltr'><strong>sed</strong></span> 
     </span>
     <span class='ocr_line' id='line_1_13' title="bbox 344 1284 1417 1372; baseline -0.003 -21"><span class='ocrx_word' id='word_1_103' title='bbox 344 1285 370 1326; x_wconf 87' lang='lat'><strong>⁹⁵</strong></span> <span class='ocrx_word' id='word_1_104' title='bbox 379 1288 488 1351; x_wconf 89' lang='lat' dir='ltr'><strong>omnia</strong></span> <span class='ocrx_word' id='word_1_105' title='bbox 509 1299 664 1372; x_wconf 87' lang='lat' dir='ltr'><strong>suspecta,</strong></span> <span class='ocrx_word' id='word_1_106' title='bbox 680 1285 913 1372; x_wconf 82' lang='lat' dir='ltr'><strong>criminumque</strong></span> <span class='ocrx_word' id='word_1_107' title='bbox 935 1286 1017 1350; x_wconf 90' lang='lat' dir='ltr'><strong>inter</strong></span> <span class='ocrx_word' id='word_1_108' title='bbox 1038 1289 1124 1370; x_wconf 91' lang='lat' dir='ltr'><strong>ipsos</strong></span> <span class='ocrx_word' id='word_1_109' title='bbox 1146 1284 1250 1368; x_wconf 88' lang='lat' dir='ltr'><strong>plena.</strong></span> <span class='ocrx_word' id='word_1_110' title='bbox 1276 1286 1318 1348; x_wconf 94' lang='lat' dir='ltr'><strong>ob</strong></span> <span class='ocrx_word' id='word_1_111' title='bbox 1340 1305 1417 1368; x_wconf 82' lang='lat' dir='ltr'><strong>quoe</strong></span> 
     </span>
     <span class='ocr_line' id='line_1_14' title="bbox 344 1371 1418 1472; baseline -0.004 -34"><span class='ocrx_word' id='word_1_112' title='bbox 344 1372 508 1438; x_wconf 85' lang='lat' dir='ltr'><strong>obsidibus</strong></span> <span class='ocrx_word' id='word_1_113' title='bbox 533 1371 712 1458; x_wconf 91' lang='lat' dir='ltr'><strong>postulatis,</strong></span> <span class='ocrx_word' id='word_1_114' title='bbox 735 1393 840 1472; x_wconf 79' lang='lat' dir='ltr'><strong>neque</strong></span> <span class='ocrx_word' id='word_1_115' title='bbox 861 1372 948 1437; x_wconf 84' lang='lat' dir='ltr'><strong>exitu</strong></span> <span class='ocrx_word' id='word_1_116' title='bbox 974 1372 1019 1436; x_wconf 94' lang='lat' dir='ltr'><strong>rei</strong></span> <span class='ocrx_word' id='word_1_117' title='bbox 1042 1372 1191 1457; x_wconf 90' lang='lat' dir='ltr'><strong>inposito,</strong></span> <span class='ocrx_word' id='word_1_118' title='bbox 1214 1373 1247 1434; x_wconf 88' lang='lat' dir='ltr'><strong>in</strong></span> <span class='ocrx_word' id='word_1_119' title='bbox 1271 1372 1418 1435; x_wconf 89' lang='lat' dir='ltr'><strong>Acarna·</strong></span> 
     </span>
     <span class='ocr_line' id='line_1_15' title="bbox 343 1455 1417 1546; baseline -0.003 -23"><span class='ocrx_word' id='word_1_120' title='bbox 343 1461 431 1524; x_wconf 86' lang='lat' dir='ltr'><strong>nium</strong></span> <span class='ocrx_word' id='word_1_121' title='bbox 453 1458 529 1523; x_wconf 92' lang='lat' dir='ltr'><strong>inde</strong></span> <span class='ocrx_word' id='word_1_122' title='bbox 549 1457 683 1542; x_wconf 87' lang='lat' dir='ltr'><strong>profecti</strong></span> <span class='ocrx_word' id='word_1_123' title='bbox 706 1458 802 1546; x_wconf 78' lang='lat' dir='ltr'><strong>legati</strong></span> <span class='ocrx_word' id='word_1_124' title='bbox 818 1471 903 1524; x_wconf 91' lang='lat' dir='ltr'><strong>sunt.</strong></span> <span class='ocrx_word' id='word_1_125' title='bbox 946 1458 1094 1545; x_wconf 70' lang='lat' dir='ltr'><strong>⁹6Thyrii</strong></span> <span class='ocrx_word' id='word_1_126' title='bbox 1115 1456 1285 1523; x_wconf 87' lang='lat' dir='ltr'><strong>concilium</strong></span> <span class='ocrx_word' id='word_1_127' title='bbox 1302 1455 1417 1544; x_wconf 88' lang='lat' dir='ltr'><strong>legatis</strong></span> 
     </span>
     <span class='ocr_line' id='line_1_16' title="bbox 343 1543 1418 1631; baseline -0.005 -18"><span class='ocrx_word' id='word_1_128' title='bbox 343 1547 531 1615; x_wconf 77' lang='lat' dir='ltr'><strong>Acarnanes</strong></span> <span class='ocrx_word' id='word_1_129' title='bbox 548 1544 714 1609; x_wconf 86' lang='lat' dir='ltr'><strong>dederunt.</strong></span> <span class='ocrx_word' id='word_1_130' title='bbox 760 1543 810 1608; x_wconf 91' lang='lat' dir='ltr'><strong>Ibi</strong></span> <span class='ocrx_word' id='word_1_131' title='bbox 832 1567 959 1631; x_wconf 90' lang='lat' dir='ltr'><strong>quoque</strong></span> <span class='ocrx_word' id='word_1_132' title='bbox 980 1545 1063 1609; x_wconf 89' lang='lat' dir='ltr'><strong>inter</strong></span> <span class='ocrx_word' id='word_1_133' title='bbox 1084 1544 1235 1610; x_wconf 89' lang='lat' dir='ltr'><strong>factiones</strong></span> <span class='ocrx_word' id='word_1_134' title='bbox 1257 1556 1325 1608; x_wconf 90' lang='lat' dir='ltr'><strong>erat</strong></span> <span class='ocrx_word' id='word_1_135' title='bbox 1346 1565 1418 1608; x_wconf 87' lang='lat' dir='ltr'><strong>cer·</strong></span> 
     </span>
     <span class='ocr_line' id='line_1_17' title="bbox 344 1629 1418 1717; baseline -0.002 -21"><span class='ocrx_word' id='word_1_136' title='bbox 344 1644 470 1696; x_wconf 85' lang='lat' dir='ltr'><strong>tamen:</strong></span> <span class='ocrx_word' id='word_1_137' title='bbox 493 1631 621 1716; x_wconf 91' lang='lat' dir='ltr'><strong>quidam</strong></span> <span class='ocrx_word' id='word_1_138' title='bbox 645 1630 826 1717; x_wconf 86' lang='lat' dir='ltr'><strong>principum</strong></span> <span class='ocrx_word' id='word_1_139' title='bbox 851 1633 1021 1716; x_wconf 90' lang='lat' dir='ltr'><strong>postulare,</strong></span> <span class='ocrx_word' id='word_1_140' title='bbox 1037 1644 1074 1696; x_wconf 93' lang='lat' dir='ltr'><strong>ut</strong></span> <span class='ocrx_word' id='word_1_141' title='bbox 1095 1631 1243 1717; x_wconf 79' lang='lat' dir='ltr'><strong>praesidia</strong></span> <span class='ocrx_word' id='word_1_142' title='bbox 1264 1633 1298 1694; x_wconf 92' lang='lat' dir='ltr'><strong>in</strong></span> <span class='ocrx_word' id='word_1_143' title='bbox 1320 1629 1418 1694; x_wconf 91' lang='lat' dir='ltr'><strong>urbes</strong></span> 
     </span>
     <span class='ocr_line' id='line_1_18' title="bbox 345 1715 1416 1802; baseline -0.002 -20"><span class='ocrx_word' id='word_1_144' title='bbox 345 1741 418 1782; x_wconf 86' lang='lat' dir='ltr'><strong>suas</strong></span> <span class='ocrx_word' id='word_1_145' title='bbox 434 1718 660 1783; x_wconf 87' lang='lat' dir='ltr'><strong>inducerentur</strong></span> <span class='ocrx_word' id='word_1_146' title='bbox 683 1717 831 1782; x_wconf 85' lang='lat' dir='ltr'><strong>adversus</strong></span> <span class='ocrx_word' id='word_1_147' title='bbox 852 1718 1021 1784; x_wconf 89' lang='lat' dir='ltr'><strong>amentiam</strong></span> <span class='ocrx_word' id='word_1_148' title='bbox 1037 1741 1159 1795; x_wconf 89' lang='lat' dir='ltr'><strong>eornm,</strong></span> <span class='ocrx_word' id='word_1_149' title='bbox 1173 1718 1201 1762; x_wconf 77' lang='lat'><strong>⁹⁷</strong></span> <span class='ocrx_word' id='word_1_150' title='bbox 1209 1718 1265 1802; x_wconf 92' lang='lat' dir='ltr'><strong>qui</strong></span> <span class='ocrx_word' id='word_1_151' title='bbox 1279 1718 1319 1782; x_wconf 87' lang='lat' dir='ltr'><strong>ad</strong></span> <span class='ocrx_word' id='word_1_152' title='bbox 1337 1715 1416 1782; x_wconf 89' lang='lat' dir='ltr'><strong>Ma·</strong></span> 
     </span>
     <span class='ocr_line' id='line_1_19' title="bbox 344 1801 1417 1892; baseline 0.001 -23"><span class='ocrx_word' id='word_1_153' title='bbox 344 1805 481 1870; x_wconf 89' lang='lat' dir='ltr'><strong>cedonas</strong></span> <span class='ocrx_word' id='word_1_154' title='bbox 502 1818 629 1892; x_wconf 87' lang='lat' dir='ltr'><strong>gentem</strong></span> <span class='ocrx_word' id='word_1_155' title='bbox 654 1803 839 1870; x_wconf 86' lang='lat' dir='ltr'><strong>trahebant:</strong></span> <span class='ocrx_word' id='word_1_156' title='bbox 864 1827 935 1890; x_wconf 88' lang='lat' dir='ltr'><strong>pars</strong></span> <span class='ocrx_word' id='word_1_157' title='bbox 950 1827 1103 1882; x_wconf 89' lang='lat' dir='ltr'><strong>recusare,</strong></span> <span class='ocrx_word' id='word_1_158' title='bbox 1120 1827 1171 1884; x_wconf 88' lang='lat' dir='ltr'><strong>nc,</strong></span> <span class='ocrx_word' id='word_1_159' title='bbox 1186 1804 1307 1890; x_wconf 79' lang='lat' dir='ltr'><strong>⁹⁸quod</strong></span> <span class='ocrx_word' id='word_1_160' title='bbox 1320 1801 1417 1892; x_wconf 82' lang='lat' dir='ltr'><strong>¹bello</strong></span> 
     </span>
     <span class='ocr_line' id='line_1_20' title="bbox 343 1891 1417 1976; baseline -0.002 -20"><span class='ocrx_word' id='word_1_161' title='bbox 343 1891 444 1976; x_wconf 86' lang='lat' dir='ltr'><strong>captis</strong></span> <span class='ocrx_word' id='word_1_162' title='bbox 464 1903 497 1956; x_wconf 92' lang='lat' dir='ltr'><strong>et</strong></span> <span class='ocrx_word' id='word_1_163' title='bbox 522 1891 666 1956; x_wconf 84' lang='lat' dir='ltr'><strong>hostibus</strong></span> <span class='ocrx_word' id='word_1_164' title='bbox 686 1912 756 1956; x_wconf 90' lang='lat' dir='ltr'><strong>mos</strong></span> <span class='ocrx_word' id='word_1_165' title='bbox 781 1904 870 1971; x_wconf 82' lang='lat' dir='ltr'><strong>esset,</strong></span> <span class='ocrx_word' id='word_1_166' title='bbox 892 1892 923 1955; x_wconf 91' lang='lat' dir='ltr'><strong>id</strong></span> <span class='ocrx_word' id='word_1_167' title='bbox 949 1904 1127 1976; x_wconf 75' lang='lat' dir='ltr'><strong>pacataeet</strong></span> <span class='ocrx_word' id='word_1_168' title='bbox 1152 1892 1247 1956; x_wconf 87' lang='lat' dir='ltr'><strong>sociae</strong></span> <span class='ocrx_word' id='word_1_169' title='bbox 1272 1891 1417 1956; x_wconf 86' lang='lat' dir='ltr'><strong>civitates</strong></span> 
     </span>
     <span class='ocr_line' id='line_1_21' title="bbox 342 1977 1417 2065; baseline 0 -23"><span class='ocrx_word' id='word_1_170' title='bbox 342 1977 530 2065; x_wconf 73' lang='lat' dir='ltr'><strong>ignominiae</strong></span> <span class='ocrx_word' id='word_1_171' title='bbox 551 1977 740 2062; x_wconf 82' lang='lat' dir='ltr'><strong>acciperent.</strong></span> <span class='ocrx_word' id='word_1_172' title='bbox 784 1977 877 2044; x_wconf 83' lang='lat' dir='ltr'><strong>Justa</strong></span> <span class='ocrx_word' id='word_1_173' title='bbox 896 1978 1076 2065; x_wconf 88' lang='lat' dir='ltr'><strong>deprecatio</strong></span> <span class='ocrx_word' id='word_1_174' title='bbox 1098 1977 1259 2044; x_wconf 81' lang='lat' dir='ltr'><strong>baecvisa.</strong></span> <span class='ocrx_word' id='word_1_175' title='bbox 1304 1977 1417 2042; x_wconf 86' lang='lat' dir='ltr'><strong>Laris-</strong></span> 
     </span>
     <span class='ocr_line' id='line_1_22' title="bbox 343 2063 1417 2147; baseline -0.001 -18"><span class='ocrx_word' id='word_1_176' title='bbox 343 2087 411 2130; x_wconf 87' lang='lat' dir='ltr'><strong>sam</strong></span> <span class='ocrx_word' id='word_1_177' title='bbox 436 2065 476 2130; x_wconf 93' lang='lat' dir='ltr'><strong>ad</strong></span> <span class='ocrx_word' id='word_1_178' title='bbox 502 2063 677 2128; x_wconf 91' lang='lat' dir='ltr'><strong>Hostilium</strong></span> <span class='ocrx_word' id='word_1_179' title='bbox 704 2065 923 2147; x_wconf 88' lang='lat' dir='ltr'><strong>proconsulem</strong></span> <span class='ocrx_word' id='word_1_180' title='bbox 950 2064 1004 2146; x_wconf 92' lang='lat' dir='ltr'><strong>(ab</strong></span> <span class='ocrx_word' id='word_1_181' title='bbox 1026 2088 1064 2129; x_wconf 93' lang='lat' dir='ltr'><strong>eo</strong></span> <span class='ocrx_word' id='word_1_182' title='bbox 1086 2066 1171 2130; x_wconf 91' lang='lat' dir='ltr'><strong>enim</strong></span> <span class='ocrx_word' id='word_1_183' title='bbox 1196 2063 1283 2128; x_wconf 85' lang='lat' dir='ltr'><strong>missi</strong></span> <span class='ocrx_word' id='word_1_184' title='bbox 1302 2065 1417 2146; x_wconf 84' lang='lat' dir='ltr'><strong>erant)</strong></span> 
     </span>
     <span class='ocr_line' id='line_1_23' title="bbox 290 2147 1417 2238; baseline -0.002 -22"><span class='ocrx_word' id='word_1_185' title='bbox 290 2169 316 2174; x_wconf 77' lang='grc'>”</span> <span class='ocrx_word' id='word_1_186' title='bbox 342 2150 440 2238; x_wconf 75' lang='lat' dir='ltr'><strong>legati</strong></span> <span class='ocrx_word' id='word_1_187' title='bbox 455 2150 628 2216; x_wconf 87' lang='lat' dir='ltr'><strong>redierunt.</strong></span> <span class='ocrx_word' id='word_1_188' title='bbox 667 2149 839 2215; x_wconf 87' lang='lat' dir='ltr'><strong>Octavium</strong></span> <span class='ocrx_word' id='word_1_189' title='bbox 854 2151 983 2216; x_wconf 89' lang='lat' dir='ltr'><strong>retinuit</strong></span> <span class='ocrx_word' id='word_1_190' title='bbox 997 2173 1114 2216; x_wconf 87' lang='lat' dir='ltr'><strong>secum.</strong></span> <span class='ocrx_word' id='word_1_191' title='bbox 1151 2147 1323 2236; x_wconf 87' lang='lat' dir='ltr'><strong>Popillium</strong></span> <span class='ocrx_word' id='word_1_192' title='bbox 1339 2171 1417 2216; x_wconf 89' lang='lat' dir='ltr'><strong>cum</strong></span> 
     </span>
     <span class='ocr_line' id='line_1_24' title="bbox 343 2236 1241 2305; baseline 0 -3"><span class='ocrx_word' id='word_1_193' title='bbox 343 2237 432 2303; x_wconf 90' lang='lat' dir='ltr'><strong>mille</strong></span> <span class='ocrx_word' id='word_1_194' title='bbox 447 2241 548 2304; x_wconf 83' lang='lat' dir='ltr'><strong>terme</strong></span> <span class='ocrx_word' id='word_1_195' title='bbox 562 2236 715 2302; x_wconf 88' lang='lat' dir='ltr'><strong>militibus</strong></span> <span class='ocrx_word' id='word_1_196' title='bbox 729 2237 763 2301; x_wconf 91' lang='lat' dir='ltr'><strong>in</strong></span> <span class='ocrx_word' id='word_1_197' title='bbox 777 2236 911 2302; x_wconf 89' lang='lat' dir='ltr'><strong>hiberna</strong></span> <span class='ocrx_word' id='word_1_198' title='bbox 927 2239 1127 2305; x_wconf 86' lang='lat' dir='ltr'><strong>Ambraciam</strong></span> <span class='ocrx_word' id='word_1_199' title='bbox 1143 2238 1241 2302; x_wconf 82' lang='lat' dir='ltr'><strong>misit.</strong></span> 
     </span>
     <span class='ocr_line' id='line_1_25' title="bbox 180 2323 1417 2412; baseline -0.002 -22"><span class='ocrx_word' id='word_1_200' title='bbox 180 2331 313 2412; x_wconf 62' lang='lat' dir='ltr'><strong>earssiss-</strong></span> <span class='ocrx_word' id='word_1_201' title='bbox 389 2323 523 2390; x_wconf 90' lang='lat' dir='ltr'><strong>XVlll.</strong></span> <span class='ocrx_word' id='word_1_202' title='bbox 549 2323 693 2402; x_wconf 90' lang='lat' dir='ltr'><strong>Perseus,</strong></span> <span class='ocrx_word' id='word_1_203' title='bbox 710 2323 870 2410; x_wconf 84' lang='lat' dir='ltr'><strong>principio</strong></span> <span class='ocrx_word' id='word_1_204' title='bbox 894 2323 1007 2390; x_wconf 88' lang='lat' dir='ltr'><strong>hiemis</strong></span> <span class='ocrx_word' id='word_1_205' title='bbox 1027 2325 1134 2412; x_wconf 77' lang='lat' dir='ltr'><strong>egredi</strong></span> <span class='ocrx_word' id='word_1_206' title='bbox 1151 2323 1353 2390; x_wconf 76' lang='lat' dir='ltr'><strong>Macedoniae</strong></span> <span class='ocrx_word' id='word_1_207' title='bbox 1375 2323 1417 2388; x_wconf 85' lang='lat' dir='ltr'><strong>fi-</strong></span> 
     </span>
     <span class='ocr_line' id='line_1_26' title="bbox 180 2397 1418 2500; baseline 0 -24"><span class='ocrx_word' id='word_1_208' title='bbox 180 2397 273 2458; x_wconf 57' lang='lat' dir='ltr'><strong>mutto</strong></span> <span class='ocrx_word' id='word_1_209' title='bbox 283 2413 310 2446; x_wconf 84' lang='lat'><strong>¹¹¹</strong></span> <span class='ocrx_word' id='word_1_210' title='bbox 343 2411 438 2477; x_wconf 93' lang='lat' dir='ltr'><strong>nibus</strong></span> <span class='ocrx_word' id='word_1_211' title='bbox 460 2433 525 2478; x_wconf 92' lang='lat' dir='ltr'><strong>non</strong></span> <span class='ocrx_word' id='word_1_212' title='bbox 549 2433 654 2489; x_wconf 90' lang='lat' dir='ltr'><strong>ausus,</strong></span> <span class='ocrx_word' id='word_1_213' title='bbox 674 2433 715 2475; x_wconf 92' lang='lat' dir='ltr'><strong>ne</strong></span> <span class='ocrx_word' id='word_1_214' title='bbox 737 2433 800 2498; x_wconf 90' lang='lat' dir='ltr'><strong>qua</strong></span> <span class='ocrx_word' id='word_1_215' title='bbox 824 2411 857 2476; x_wconf 91' lang='lat' dir='ltr'><strong>in</strong></span> <span class='ocrx_word' id='word_1_216' title='bbox 879 2433 1014 2500; x_wconf 86' lang='lat' dir='ltr'><strong>regnum</strong></span> <span class='ocrx_word' id='word_1_217' title='bbox 1036 2434 1172 2478; x_wconf 89' lang='lat' dir='ltr'><strong>vacuum</strong></span> <span class='ocrx_word' id='word_1_218' title='bbox 1194 2412 1418 2495; x_wconf 80' lang='lat' dir='ltr'><strong>inrumperent</strong></span> 
     </span>
     <span class='ocr_line' id='line_1_27' title="bbox 182 2463 1419 2584; baseline -0.004 -18"><span class='ocrx_word' id='word_1_219' title='bbox 182 2463 316 2526; x_wconf 72' lang='lat' dir='ltr'><strong>myrteum.</strong></span> <span class='ocrx_word' id='word_1_220' title='bbox 346 2500 497 2577; x_wconf 87' lang='lat' dir='ltr'><strong>Romani,</strong></span> <span class='ocrx_word' id='word_1_221' title='bbox 526 2497 584 2564; x_wconf 92' lang='lat' dir='ltr'><strong>sub</strong></span> <span class='ocrx_word' id='word_1_222' title='bbox 614 2509 739 2583; x_wconf 87' lang='lat' dir='ltr'><strong>tempus</strong></span> <span class='ocrx_word' id='word_1_223' title='bbox 773 2498 909 2577; x_wconf 83' lang='lat' dir='ltr'><strong>brumae,</strong></span> <span class='ocrx_word' id='word_1_224' title='bbox 940 2520 1037 2584; x_wconf 92' lang='lat' dir='ltr'><strong>quum</strong></span> <span class='ocrx_word' id='word_1_225' title='bbox 1075 2497 1342 2584; x_wconf 85' lang='lat' dir='ltr'><strong>inexsuperabiles</strong></span> <span class='ocrx_word' id='word_1_226' title='bbox 1373 2496 1419 2562; x_wconf 90' lang='lat' dir='ltr'><strong>ab</strong></span> 
     </span>
     <span class='ocr_line' id='line_1_28' title="bbox 344 2583 1418 2664; baseline -0.002 -14"><span class='ocrx_word' id='word_1_227' title='bbox 344 2585 510 2653; x_wconf 87' lang='lat' dir='ltr'><strong>Thessalia</strong></span> <span class='ocrx_word' id='word_1_228' title='bbox 523 2595 647 2648; x_wconf 89' lang='lat' dir='ltr'><strong>montes</strong></span> <span class='ocrx_word' id='word_1_229' title='bbox 662 2584 742 2648; x_wconf 88' lang='lat' dir='ltr'><strong>nivis</strong></span> <span class='ocrx_word' id='word_1_230' title='bbox 762 2583 897 2649; x_wconf 89' lang='lat' dir='ltr'><strong>altitudo</strong></span> <span class='ocrx_word' id='word_1_231' title='bbox 918 2584 1004 2664; x_wconf 81' lang='lat' dir='ltr'><strong>lacit,</strong></span> <span class='ocrx_word' id='word_1_232' title='bbox 1021 2586 1217 2650; x_wconf 90' lang='lat' dir='ltr'><strong>occasionem</strong></span> <span class='ocrx_word' id='word_1_233' title='bbox 1240 2606 1306 2649; x_wconf 89' lang='lat' dir='ltr'><strong>esse</strong></span> <span class='ocrx_word' id='word_1_234' title='bbox 1328 2597 1418 2648; x_wconf 88' lang='lat' dir='ltr'><strong>ratus</strong></span> 
     </span>
     <span class='ocr_line' id='line_1_29' title="bbox 343 2670 1416 2760; baseline -0.003 -24"><span class='ocrx_word' id='word_1_235' title='bbox 343 2671 514 2760; x_wconf 82' lang='lat' dir='ltr'><strong>frangendi</strong></span> <span class='ocrx_word' id='word_1_236' title='bbox 528 2670 737 2734; x_wconf 87' lang='lat' dir='ltr'><strong>finitimorum</strong></span> <span class='ocrx_word' id='word_1_237' title='bbox 753 2693 823 2756; x_wconf 88' lang='lat' dir='ltr'><strong>spes</strong></span> <span class='ocrx_word' id='word_1_238' title='bbox 838 2670 1032 2758; x_wconf 87' lang='lat' dir='ltr'><strong>animosque,</strong></span> <span class='ocrx_word' id='word_1_239' title='bbox 1047 2672 1191 2759; x_wconf 87' lang='lat' dir='ltr'><strong>nequid,</strong></span> <span class='ocrx_word' id='word_1_240' title='bbox 1207 2693 1318 2736; x_wconf 83' lang='lat' dir='ltr'><strong>averso</strong></span> <span class='ocrx_word' id='word_1_241' title='bbox 1332 2693 1366 2734; x_wconf 90' lang='lat' dir='ltr'><strong>se</strong></span> <span class='ocrx_word' id='word_1_242' title='bbox 1379 2670 1416 2734; x_wconf 93' lang='lat' dir='ltr'><strong>in</strong></span> 
     </span>
     <span class='ocr_line' id='line_1_30' title="bbox 345 2755 1417 2847; baseline -0.003 -24"><span class='ocrx_word' id='word_1_243' title='bbox 345 2759 529 2823; x_wconf 83' lang='lat' dir='ltr'><strong>Romanum</strong></span> <span class='ocrx_word' id='word_1_244' title='bbox 545 2755 672 2834; x_wconf 89' lang='lat' dir='ltr'><strong>bellum,</strong></span> <span class='ocrx_word' id='word_1_245' title='bbox 688 2756 821 2841; x_wconf 86' lang='lat' dir='ltr'><strong>periculi</strong></span> <span class='ocrx_word' id='word_1_246' title='bbox 837 2758 986 2837; x_wconf 85' lang='lat' dir='ltr'><strong>subesset,</strong></span> <span class='ocrx_word' id='word_1_247' title='bbox 999 2780 1098 2847; x_wconf 91' lang='lat' dir='ltr'><strong>quum</strong></span> <span class='ocrx_word' id='word_1_248' title='bbox 1113 2783 1132 2823; x_wconf 89' lang='lat' dir='ltr'><strong>a</strong></span> <span class='ocrx_word' id='word_1_249' title='bbox 1148 2757 1288 2826; x_wconf 78' lang='lat' dir='ltr'><strong>Thuacia</strong></span> <span class='ocrx_word' id='word_1_250' title='bbox 1302 2778 1417 2841; x_wconf 91' lang='lat' dir='ltr'><strong>paoem</strong></span> 
     </span>
     <span class='ocr_line' id='line_1_31' title="bbox 344 2843 1417 2930; baseline 0 -22"><span class='ocrx_word' id='word_1_251' title='bbox 344 2845 453 2930; x_wconf 88' lang='lat' dir='ltr'><strong>Cotys,</strong></span> <span class='ocrx_word' id='word_1_252' title='bbox 476 2843 518 2907; x_wconf 91' lang='lat' dir='ltr'><strong>ab</strong></span> <span class='ocrx_word' id='word_1_253' title='bbox 541 2843 644 2927; x_wconf 84' lang='lat' dir='ltr'><strong>Epiro</strong></span> <span class='ocrx_word' id='word_1_254' title='bbox 668 2843 829 2927; x_wconf 87' lang='lat' dir='ltr'><strong>Cephalus</strong></span> <span class='ocrx_word' id='word_1_255' title='bbox 855 2845 1020 2929; x_wconf 87' lang='lat' dir='ltr'><strong>repentina</strong></span> <span class='ocrx_word' id='word_1_256' title='bbox 1044 2844 1222 2910; x_wconf 83' lang='lat' dir='ltr'><strong>defectione</strong></span> <span class='ocrx_word' id='word_1_257' title='bbox 1247 2868 1267 2910; x_wconf 93' lang='lat' dir='ltr'><strong>a</strong></span> <span class='ocrx_word' id='word_1_258' title='bbox 1293 2844 1417 2908; x_wconf 91' lang='lat' dir='ltr'><strong>Roma-</strong></span> 
     </span>
     <span class='ocr_line' id='line_1_32' title="bbox 343 2929 1418 3016; baseline -0.001 -21"><span class='ocrx_word' id='word_1_259' title='bbox 343 2929 393 2995; x_wconf 91' lang='lat' dir='ltr'><strong>nis</strong></span> <span class='ocrx_word' id='word_1_260' title='bbox 418 2929 642 3016; x_wconf 81' lang='lat' dir='ltr'><strong>¹praestarent‚</strong></span> <span class='ocrx_word' id='word_1_261' title='bbox 666 2929 837 2996; x_wconf 87' lang='lat' dir='ltr'><strong>Dardanos</strong></span> <span class='ocrx_word' id='word_1_262' title='bbox 862 2953 972 2996; x_wconf 89' lang='lat' dir='ltr'><strong>recens</strong></span> <span class='ocrx_word' id='word_1_263' title='bbox 997 2932 1167 2998; x_wconf 88' lang='lat' dir='ltr'><strong>domuisset</strong></span> <span class='ocrx_word' id='word_1_264' title='bbox 1192 2930 1288 3008; x_wconf 89' lang='lat' dir='ltr'><strong>bello,</strong></span> <span class='ocrx_word' id='word_1_265' title='bbox 1313 2929 1418 2995; x_wconf 90' lang='lat' dir='ltr'><strong>solum</strong></span> 
     </span>
    </p>
   </div>
   <div class='ocr_carea' id='block_1_3' title="bbox 581 3101 1014 3194">
    <p class='ocr_par' dir='ltr' id='par_1_3' title="bbox 581 3101 1014 3194">
     <span class='ocr_line' id='line_1_33' title="bbox 581 3101 1014 3194; baseline 0.012 -44"><span class='ocrx_word' id='word_1_266' title='bbox 581 3163 597 3194; x_wconf 35' lang='grc' dir='ltr'><strong><em>μ</em></strong></span> <span class='ocrx_word' id='word_1_267' title='bbox 716 3101 845 3150; x_wconf 66' lang='lat' dir='ltr'><strong>*mnibus</strong></span> <span class='ocrx_word' id='word_1_268' title='bbox 856 3103 931 3155; x_wconf 83' lang='lat' dir='ltr'><strong>Gron.</strong></span> <span class='ocrx_word' id='word_1_269' title='bbox 944 3107 1014 3155; x_wconf 78' lang='lat' dir='ltr'><strong>crea.</strong></span> 
     </span>
    </p>
   </div>
   <div class='ocr_carea' id='block_1_4' title="bbox 296 3247 1421 4422">
    <p class='ocr_par' dir='ltr' id='par_1_4' title="bbox 344 3247 1421 3430">
     <span class='ocr_line' id='line_1_34' title="bbox 378 3247 1420 3315; baseline -0.001 -17"><span class='ocrx_word' id='word_1_270' title='bbox 378 3250 410 3298; x_wconf 63' lang='grc' dir='ltr'><strong>Οἱ</strong></span> <span class='ocrx_word' id='word_1_271' title='bbox 424 3248 528 3297; x_wconf 68' lang='lat' dir='ltr'><strong>Achaico</strong></span> <span class='ocrx_word' id='word_1_272' title='bbox 549 3247 644 3295; x_wconf 74' lang='lat' dir='ltr'><strong>murillo</strong></span> <span class='ocrx_word' id='word_1_273' title='bbox 665 3247 753 3313; x_wconf 80' lang='lat' dir='ltr'><strong>Argis]</strong></span> <span class='ocrx_word' id='word_1_274' title='bbox 787 3249 865 3312; x_wconf 85' lang='lat' dir='ltr'><strong>Repo-</strong></span> <span class='ocrx_word' id='word_1_275' title='bbox 898 3253 1023 3315; x_wconf 80' lang='lat' dir='ltr'><strong>Polybius,</strong></span> <span class='ocrx_word' id='word_1_276' title='bbox 1034 3253 1151 3314; x_wconf 89' lang='lat' dir='ltr'><strong>docetque</strong></span> <span class='ocrx_word' id='word_1_277' title='bbox 1165 3252 1346 3300; x_wconf 80' lang='lat' dir='ltr'><strong>criminationes</strong></span> <span class='ocrx_word' id='word_1_278' title='bbox 1362 3251 1420 3298; x_wconf 83' lang='lat' dir='ltr'><strong>illas</strong></span> 
     </span>
     <span class='ocr_line' id='line_1_35' title="bbox 344 3313 1420 3380; baseline -0.002 -16"><span class='ocrx_word' id='word_1_279' title='bbox 344 3317 455 3364; x_wconf 89' lang='lat' dir='ltr'><strong>neudum</strong></span> <span class='ocrx_word' id='word_1_280' title='bbox 475 3319 514 3362; x_wconf 89' lang='lat' dir='ltr'><strong>est</strong></span> <span class='ocrx_word' id='word_1_281' title='bbox 530 3313 611 3376; x_wconf 74' lang='lat' dir='ltr'><strong>AEgtt,</strong></span> <span class='ocrx_word' id='word_1_282' title='bbox 628 3321 659 3360; x_wconf 83' lang='lat' dir='ltr'><strong>ex</strong></span> <span class='ocrx_word' id='word_1_283' title='bbox 676 3314 762 3376; x_wconf 84' lang='lat' dir='ltr'><strong>Polyb.</strong></span> <span class='ocrx_word' id='word_1_284' title='bbox 781 3315 864 3380; x_wconf 76' lang='lat' dir='ltr'><strong>Legat.</strong></span> <span class='ocrx_word' id='word_1_285' title='bbox 896 3319 955 3365; x_wconf 90' lang='lat' dir='ltr'><strong>inde</strong></span> <span class='ocrx_word' id='word_1_286' title='bbox 973 3325 1038 3364; x_wconf 86' lang='lat' dir='ltr'><strong>ortas</strong></span> <span class='ocrx_word' id='word_1_287' title='bbox 1053 3330 1113 3371; x_wconf 83' lang='lat' dir='ltr'><strong>esse,</strong></span> <span class='ocrx_word' id='word_1_288' title='bbox 1125 3319 1191 3378; x_wconf 89' lang='lat' dir='ltr'><strong>quud</strong></span> <span class='ocrx_word' id='word_1_289' title='bbox 1207 3318 1234 3364; x_wconf 89' lang='lat' dir='ltr'><strong>hi</strong></span> <span class='ocrx_word' id='word_1_290' title='bbox 1250 3323 1342 3364; x_wconf 84' lang='lat' dir='ltr'><strong>ceteros</strong></span> <span class='ocrx_word' id='word_1_291' title='bbox 1359 3329 1420 3363; x_wconf 88' lang='lat' dir='ltr'><strong>con·</strong></span> 
     </span>
     <span class='ocr_line' id='line_1_36' title="bbox 345 3380 1421 3430; baseline -0.002 0"><span class='ocrx_word' id='word_1_292' title='bbox 345 3380 384 3430; x_wconf 74' lang='lat'><strong>⁷4.</strong></span> <span class='ocrx_word' id='word_1_293' title='bbox 898 3383 1025 3430; x_wconf 86' lang='lat' dir='ltr'><strong>tenderent</strong></span> <span class='ocrx_word' id='word_1_294' title='bbox 1041 3381 1107 3428; x_wconf 85' lang='lat' dir='ltr'><strong>haud</strong></span> <span class='ocrx_word' id='word_1_295' title='bbox 1122 3383 1216 3430; x_wconf 88' lang='lat' dir='ltr'><strong>sincera</strong></span> <span class='ocrx_word' id='word_1_296' title='bbox 1231 3383 1279 3430; x_wconf 84' lang='lat' dir='ltr'><strong>fide</strong></span> <span class='ocrx_word' id='word_1_297' title='bbox 1293 3394 1351 3428; x_wconf 89' lang='lat' dir='ltr'><strong>cum</strong></span> <span class='ocrx_word' id='word_1_298' title='bbox 1368 3381 1421 3428; x_wconf 73' lang='lat' dir='ltr'><strong>ltc-</strong></span> 
     </span>
    </p>

    <p class='ocr_par' dir='ltr' id='par_1_5' title="bbox 343 3442 1421 3638">
     <span class='ocr_line' id='line_1_37' title="bbox 378 3442 1420 3506; baseline -0.002 -12"><span class='ocrx_word' id='word_1_299' title='bbox 378 3445 411 3494; x_wconf 87' lang='grc'><strong>93</strong></span> <span class='ocrx_word' id='word_1_300' title='bbox 428 3443 534 3505; x_wconf 77' lang='lat' dir='ltr'><strong>Benignc</strong></span> <span class='ocrx_word' id='word_1_301' title='bbox 555 3442 637 3506; x_wconf 78' lang='lat' dir='ltr'><strong>naut]</strong></span> <span class='ocrx_word' id='word_1_302' title='bbox 671 3443 719 3491; x_wconf 86' lang='lat' dir='ltr'><strong>Sed</strong></span> <span class='ocrx_word' id='word_1_303' title='bbox 738 3445 818 3506; x_wconf 80' lang='lat' dir='ltr'><strong>magis</strong></span> <span class='ocrx_word' id='word_1_304' title='bbox 836 3452 865 3493; x_wconf 89' lang='lat' dir='ltr'><strong>ut</strong></span> <span class='ocrx_word' id='word_1_305' title='bbox 897 3448 978 3494; x_wconf 87' lang='lat' dir='ltr'><strong>mauis</strong></span> <span class='ocrx_word' id='word_1_306' title='bbox 999 3446 1103 3502; x_wconf 66' lang='lat' dir='ltr'><strong>sentim</strong></span> <span class='ocrx_word' id='word_1_307' title='bbox 1130 3448 1167 3494; x_wconf 86' lang='lat' dir='ltr'><strong>illi</strong></span> <span class='ocrx_word' id='word_1_308' title='bbox 1188 3454 1339 3494; x_wconf 83' lang='lat' dir='ltr'><strong>accusatores</strong></span> <span class='ocrx_word' id='word_1_309' title='bbox 1360 3458 1420 3492; x_wconf 83' lang='lat' dir='ltr'><strong>auca</strong></span> 
     </span>
     <span class='ocr_line' id='line_1_38' title="bbox 344 3508 1421 3572; baseline 0 -14"><span class='ocrx_word' id='word_1_310' title='bbox 344 3512 462 3558; x_wconf 77' lang='lat' dir='ltr'><strong>eervbent</strong></span> <span class='ocrx_word' id='word_1_311' title='bbox 478 3508 636 3570; x_wconf 86' lang='lat' dir='ltr'><strong>temporibus.</strong></span> <span class='ocrx_word' id='word_1_312' title='bbox 647 3521 722 3568; x_wconf 79' lang='lat' dir='ltr'><strong>qnam</strong></span> <span class='ocrx_word' id='word_1_313' title='bbox 732 3523 763 3556; x_wconf 87' lang='lat' dir='ltr'><strong>ex</strong></span> <span class='ocrx_word' id='word_1_314' title='bbox 773 3511 865 3559; x_wconf 88' lang='lat' dir='ltr'><strong>animo.</strong></span> <span class='ocrx_word' id='word_1_315' title='bbox 897 3513 1027 3559; x_wconf 79' lang='lat' dir='ltr'><strong>calumniis</strong></span> <span class='ocrx_word' id='word_1_316' title='bbox 1042 3512 1069 3558; x_wconf 90' lang='lat' dir='ltr'><strong>in</strong></span> <span class='ocrx_word' id='word_1_317' title='bbox 1085 3524 1111 3558; x_wconf 84' lang='lat' dir='ltr'><strong>se</strong></span> <span class='ocrx_word' id='word_1_318' title='bbox 1126 3513 1230 3572; x_wconf 71' lang='lat' dir='ltr'><strong>gressui</strong></span> <span class='ocrx_word' id='word_1_319' title='bbox 1240 3511 1358 3566; x_wconf 88' lang='lat' dir='ltr'><strong>dicerent,</strong></span> <span class='ocrx_word' id='word_1_320' title='bbox 1369 3524 1421 3572; x_wconf 90' lang='lat' dir='ltr'><strong>quc</strong></span> 
     </span>
     <span class='ocr_line' id='line_1_39' title="bbox 343 3573 1248 3638; baseline 0.002 -14"><span class='ocrx_word' id='word_1_321' title='bbox 343 3575 445 3624; x_wconf 83' lang='lat' dir='ltr'><strong>Etenim</strong></span> <span class='ocrx_word' id='word_1_322' title='bbox 469 3573 612 3630; x_wconf 61' lang='lat' dir='ltr'><strong>doccantur,</strong></span> <span class='ocrx_word' id='word_1_323' title='bbox 633 3573 713 3634; x_wconf 87' lang='lat' dir='ltr'><strong>inquit</strong></span> <span class='ocrx_word' id='word_1_324' title='bbox 738 3574 864 3636; x_wconf 84' lang='lat' dir='ltr'><strong>Polybius,</strong></span> <span class='ocrx_word' id='word_1_325' title='bbox 896 3578 1072 3638; x_wconf 82' lang='lat' dir='ltr'><strong>potentioribus</strong></span> <span class='ocrx_word' id='word_1_326' title='bbox 1082 3577 1248 3626; x_wconf 79' lang='lat' dir='ltr'><strong>adrdarentur.</strong></span> 
     </span>
    </p>

    <p class='ocr_par' dir='ltr' id='par_1_6' title="bbox 343 3637 1420 3706">
     <span class='ocr_line' id='line_1_40' title="bbox 343 3637 1420 3706; baseline 0 -18"><span class='ocrx_word' id='word_1_327' title='bbox 343 3639 476 3702; x_wconf 55' lang='lat' dir='ltr'><strong>&amp;maturi</strong></span> <span class='ocrx_word' id='word_1_328' title='bbox 494 3637 629 3698; x_wconf 72' lang='lat' dir='ltr'><strong>Lydorum,</strong></span> <span class='ocrx_word' id='word_1_329' title='bbox 644 3642 667 3684; x_wconf 81' lang='lat' dir='ltr'><strong>et</strong></span> <span class='ocrx_word' id='word_1_330' title='bbox 682 3637 825 3698; x_wconf 75' lang='lat' dir='ltr'><strong>Acclama,</strong></span> <span class='ocrx_word' id='word_1_331' title='bbox 841 3649 865 3688; x_wconf 83' lang='lat' dir='ltr'><strong>et</strong></span> <span class='ocrx_word' id='word_1_332' title='bbox 929 3640 961 3688; x_wconf 83' lang='grc'><strong>96</strong></span> <span class='ocrx_word' id='word_1_333' title='bbox 978 3641 1077 3706; x_wconf 66' lang='lat' dir='ltr'><strong>thuris]</strong></span> <span class='ocrx_word' id='word_1_334' title='bbox 1095 3640 1193 3688; x_wconf 87' lang='lat' dir='ltr'><strong>Nomen</strong></span> <span class='ocrx_word' id='word_1_335' title='bbox 1209 3637 1284 3704; x_wconf 86' lang='lat' dir='ltr'><strong>hujus</strong></span> <span class='ocrx_word' id='word_1_336' title='bbox 1296 3641 1365 3689; x_wconf 86' lang='lat' dir='ltr'><strong>urbis</strong></span> <span class='ocrx_word' id='word_1_337' title='bbox 1376 3654 1420 3688; x_wconf 86' lang='lat' dir='ltr'><strong>va·</strong></span> 
     </span>
    </p>

    <p class='ocr_par' dir='ltr' id='par_1_7' title="bbox 344 3702 1420 3768">
     <span class='ocr_line' id='line_1_41' title="bbox 344 3702 1420 3768; baseline 0.012 -23"><span class='ocrx_word' id='word_1_338' title='bbox 344 3703 481 3765; x_wconf 71' lang='lat' dir='ltr'><strong>Polybium,</strong></span> <span class='ocrx_word' id='word_1_339' title='bbox 504 3707 614 3762; x_wconf 75' lang='lat' dir='ltr'><strong>tunquam</strong></span> <span class='ocrx_word' id='word_1_340' title='bbox 638 3702 724 3750; x_wconf 78' lang='lat' dir='ltr'><strong>alienos</strong></span> <span class='ocrx_word' id='word_1_341' title='bbox 748 3717 763 3749; x_wconf 85' lang='lat' dir='ltr'><strong>a</strong></span> <span class='ocrx_word' id='word_1_342' title='bbox 781 3705 865 3764; x_wconf 70' lang='lat' dir='ltr'><strong>populi</strong></span> <span class='ocrx_word' id='word_1_343' title='bbox 896 3706 931 3753; x_wconf 82' lang='lat' dir='ltr'><strong>rie</strong></span> <span class='ocrx_word' id='word_1_344' title='bbox 960 3707 1083 3761; x_wconf 74' lang='lat' dir='ltr'><strong>scribitur,</strong></span> <span class='ocrx_word' id='word_1_345' title='bbox 1114 3705 1258 3768; x_wconf 60' lang='lat' dir='ltr'><strong>Tyrrhum,</strong></span> <span class='ocrx_word' id='word_1_346' title='bbox 1288 3706 1420 3766; x_wconf 57' lang='lat' dir='ltr'><strong>noscas.</strong></span> 
     </span>
    </p>

    <p class='ocr_par' dir='ltr' id='par_1_8' title="bbox 344 3767 1420 3832">
     <span class='ocr_line' id='line_1_42' title="bbox 344 3767 1420 3832; baseline 0.006 -16"><span class='ocrx_word' id='word_1_347' title='bbox 344 3769 450 3816; x_wconf 71' lang='lat' dir='ltr'><strong>Roman</strong></span> <span class='ocrx_word' id='word_1_348' title='bbox 470 3767 544 3816; x_wconf 74' lang='lat' dir='ltr'><strong>ratas</strong></span> <span class='ocrx_word' id='word_1_349' title='bbox 577 3767 609 3813; x_wconf 80' lang='lat' dir='ltr'><strong>Id</strong></span> <span class='ocrx_word' id='word_1_350' title='bbox 627 3769 704 3814; x_wconf 79' lang='lat' dir='ltr'><strong>tomen</strong></span> <span class='ocrx_word' id='word_1_351' title='bbox 718 3767 800 3831; x_wconf 81' lang='lat' dir='ltr'><strong>facere</strong></span> <span class='ocrx_word' id='word_1_352' title='bbox 817 3783 865 3816; x_wconf 79' lang='lat' dir='ltr'><strong>aaa</strong></span> <span class='ocrx_word' id='word_1_353' title='bbox 900 3769 1026 3828; x_wconf 71' lang='lat' dir='ltr'><strong>Thorium,</strong></span> <span class='ocrx_word' id='word_1_354' title='bbox 1060 3769 1187 3832; x_wconf 66' lang='lat' dir='ltr'><strong>styriam.</strong></span> <span class='ocrx_word' id='word_1_355' title='bbox 1231 3772 1297 3820; x_wconf 81' lang='lat' dir='ltr'><strong>vide</strong></span> <span class='ocrx_word' id='word_1_356' title='bbox 1329 3771 1420 3822; x_wconf 81' lang='lat' dir='ltr'><strong>Cellar.</strong></span> 
     </span>
    </p>

    <p class='ocr_par' dir='ltr' id='par_1_9' title="bbox 344 3829 1156 3896">
     <span class='ocr_line' id='line_1_43' title="bbox 344 3829 1156 3896; baseline 0.007 -16"><span class='ocrx_word' id='word_1_357' title='bbox 344 3837 400 3880; x_wconf 77' lang='lat' dir='ltr'><strong>aaut</strong></span> <span class='ocrx_word' id='word_1_358' title='bbox 420 3835 484 3891; x_wconf 76' lang='lat' dir='ltr'><strong>cusi,</strong></span> <span class='ocrx_word' id='word_1_359' title='bbox 505 3829 564 3894; x_wconf 81' lang='lat' dir='ltr'><strong>quod</strong></span> <span class='ocrx_word' id='word_1_360' title='bbox 584 3830 674 3876; x_wconf 78' lang='lat' dir='ltr'><strong>nullam</strong></span> <span class='ocrx_word' id='word_1_361' title='bbox 694 3846 788 3880; x_wconf 70' lang='lat' dir='ltr'><strong>cauum</strong></span> <span class='ocrx_word' id='word_1_362' title='bbox 808 3835 866 3880; x_wconf 71' lang='lat' dir='ltr'><strong>asu</strong></span> <span class='ocrx_word' id='word_1_363' title='bbox 897 3837 986 3896; x_wconf 84' lang='lat' dir='ltr'><strong>Geogr.</strong></span> <span class='ocrx_word' id='word_1_364' title='bbox 996 3839 1057 3884; x_wconf 80' lang='lat' dir='ltr'><strong>Ant.</strong></span> <span class='ocrx_word' id='word_1_365' title='bbox 1068 3836 1102 3883; x_wconf 93' lang='lat'><strong>11.</strong></span> <span class='ocrx_word' id='word_1_366' title='bbox 1116 3836 1156 3886; x_wconf 83' lang='lat'><strong>13.</strong></span> 
     </span>
    </p>

    <p class='ocr_par' dir='ltr' id='par_1_10' title="bbox 338 3895 1421 3963">
     <span class='ocr_line' id='line_1_44' title="bbox 338 3895 1421 3963; baseline 0.003 -19"><span class='ocrx_word' id='word_1_367' title='bbox 338 3897 482 3960; x_wconf 74' lang='lat' dir='ltr'><strong>probabilem</strong></span> <span class='ocrx_word' id='word_1_368' title='bbox 501 3895 672 3954; x_wconf 60' lang='lat' dir='ltr'><strong>heteraenus</strong></span> <span class='ocrx_word' id='word_1_369' title='bbox 689 3911 726 3946; x_wconf 79' lang='lat' dir='ltr'><strong>eoa</strong></span> <span class='ocrx_word' id='word_1_370' title='bbox 743 3910 794 3944; x_wconf 79' lang='lat' dir='ltr'><strong>reor</strong></span> <span class='ocrx_word' id='word_1_371' title='bbox 811 3911 866 3960; x_wconf 78' lang='lat' dir='ltr'><strong>age·</strong></span> <span class='ocrx_word' id='word_1_372' title='bbox 930 3901 962 3948; x_wconf 83' lang='grc'><strong>97</strong></span> <span class='ocrx_word' id='word_1_373' title='bbox 980 3899 1028 3956; x_wconf 77' lang='lat' dir='ltr'><strong>Qut</strong></span> <span class='ocrx_word' id='word_1_374' title='bbox 1046 3901 1077 3948; x_wconf 82' lang='lat' dir='ltr'><strong>ad</strong></span> <span class='ocrx_word' id='word_1_375' title='bbox 1095 3900 1238 3949; x_wconf 79' lang='lat' dir='ltr'><strong>Macedonas</strong></span> <span class='ocrx_word' id='word_1_376' title='bbox 1256 3904 1351 3963; x_wconf 73' lang='lat' dir='ltr'><strong>gentem</strong></span> <span class='ocrx_word' id='word_1_377' title='bbox 1370 3904 1421 3947; x_wconf 83' lang='lat' dir='ltr'><strong>tra·</strong></span> 
     </span>
    </p>

    <p class='ocr_par' dir='ltr' id='par_1_11' title="bbox 344 3963 1421 4090">
     <span class='ocr_line' id='line_1_45' title="bbox 344 3963 1421 4028; baseline 0.005 -19"><span class='ocrx_word' id='word_1_378' title='bbox 344 3967 404 4010; x_wconf 79' lang='lat' dir='ltr'><strong>rent.</strong></span> <span class='ocrx_word' id='word_1_379' title='bbox 750 4001 754 4008; x_wconf 94' lang='lat'>.</span> <span class='ocrx_word' id='word_1_380' title='bbox 897 3963 991 4028; x_wconf 79' lang='lat' dir='ltr'><strong>lebant]</strong></span> <span class='ocrx_word' id='word_1_381' title='bbox 1025 3965 1171 4016; x_wconf 85' lang='lat' dir='ltr'><strong>Emendatio</strong></span> <span class='ocrx_word' id='word_1_382' title='bbox 1195 3966 1319 4016; x_wconf 86' lang='lat' dir='ltr'><strong>Gronovil.</strong></span> <span class='ocrx_word' id='word_1_383' title='bbox 1353 3965 1421 4014; x_wconf 83' lang='lat' dir='ltr'><strong>Olim</strong></span> 
     </span>
     <span class='ocr_line' id='line_1_46' title="bbox 378 4026 1121 4090; baseline 0.007 -15"><span class='ocrx_word' id='word_1_384' title='bbox 378 4026 411 4076; x_wconf 79' lang='lat' dir='ltr'><strong>st</strong></span> <span class='ocrx_word' id='word_1_385' title='bbox 425 4029 534 4090; x_wconf 72' lang='lat' dir='ltr'><strong>Egregia</strong></span> <span class='ocrx_word' id='word_1_386' title='bbox 549 4027 601 4090; x_wconf 79' lang='lat' dir='ltr'><strong>aps]</strong></span> <span class='ocrx_word' id='word_1_387' title='bbox 618 4027 649 4075; x_wconf 89' lang='lat' dir='ltr'><strong>ld</strong></span> <span class='ocrx_word' id='word_1_388' title='bbox 665 4033 711 4083; x_wconf 87' lang='lat' dir='ltr'><strong>eat,</strong></span> <span class='ocrx_word' id='word_1_389' title='bbox 727 4027 754 4075; x_wconf 88' lang='lat' dir='ltr'><strong>in</strong></span> <span class='ocrx_word' id='word_1_390' title='bbox 770 4027 868 4089; x_wconf 73' lang='lat' dir='ltr'><strong>egregia</strong></span> <span class='ocrx_word' id='word_1_391' title='bbox 899 4029 1121 4080; x_wconf 58' lang='lat' dir='ltr'><strong>&amp;Macedonicam-</strong></span> 
     </span>
    </p>

    <p class='ocr_par' dir='ltr' id='par_1_12' title="bbox 296 4092 1421 4288">
     <span class='ocr_line' id='line_1_47' title="bbox 296 4092 1421 4159; baseline 0.005 -21"><span class='ocrx_word' id='word_1_392' title='bbox 296 4115 303 4122; x_wconf 86' lang='lat'><em>·</em></span> <span class='ocrx_word' id='word_1_393' title='bbox 344 4105 388 4152; x_wconf 83' lang='lat' dir='ltr'><strong>spe</strong></span> <span class='ocrx_word' id='word_1_394' title='bbox 408 4094 487 4139; x_wconf 75' lang='lat' dir='ltr'><strong>futuri</strong></span> <span class='ocrx_word' id='word_1_395' title='bbox 508 4099 593 4140; x_wconf 83' lang='lat' dir='ltr'><strong>statua.</strong></span> <span class='ocrx_word' id='word_1_396' title='bbox 632 4092 756 4149; x_wconf 81' lang='lat' dir='ltr'><strong>Ceterum,</strong></span> <span class='ocrx_word' id='word_1_397' title='bbox 778 4093 800 4138; x_wconf 87' lang='lat' dir='ltr'><strong>si</strong></span> <span class='ocrx_word' id='word_1_398' title='bbox 821 4094 868 4140; x_wconf 90' lang='lat' dir='ltr'><strong>hcc</strong></span> <span class='ocrx_word' id='word_1_399' title='bbox 930 4095 963 4142; x_wconf 85' lang='grc'><strong>98</strong></span> <span class='ocrx_word' id='word_1_400' title='bbox 981 4096 1049 4151; x_wconf 77' lang='lat' dir='ltr'><strong>Quod</strong></span> <span class='ocrx_word' id='word_1_401' title='bbox 1062 4097 1117 4146; x_wconf 80' lang='lat' dir='ltr'><strong>bello</strong></span> <span class='ocrx_word' id='word_1_402' title='bbox 1130 4100 1205 4159; x_wconf 75' lang='lat' dir='ltr'><strong>captia</strong></span> <span class='ocrx_word' id='word_1_403' title='bbox 1219 4094 1353 4144; x_wconf 63' lang='lat' dir='ltr'><strong>animas</strong></span> <span class='ocrx_word' id='word_1_404' title='bbox 1370 4109 1421 4144; x_wconf 77' lang='lat' dir='ltr'><strong>auor</strong></span> 
     </span>
     <span class='ocr_line' id='line_1_48' title="bbox 344 4157 1420 4225; baseline 0.004 -21"><span class='ocrx_word' id='word_1_405' title='bbox 344 4157 430 4204; x_wconf 85' lang='lat' dir='ltr'><strong>durius</strong></span> <span class='ocrx_word' id='word_1_406' title='bbox 440 4159 546 4218; x_wconf 84' lang='lat' dir='ltr'><strong>videtur,</strong></span> <span class='ocrx_word' id='word_1_407' title='bbox 558 4158 612 4218; x_wconf 74' lang='lat' dir='ltr'><strong>lege</strong></span> <span class='ocrx_word' id='word_1_408' title='bbox 627 4170 685 4205; x_wconf 88' lang='lat' dir='ltr'><strong>curn</strong></span> <span class='ocrx_word' id='word_1_409' title='bbox 698 4157 811 4206; x_wconf 77' lang='lat' dir='ltr'><strong>Muretus</strong></span> <span class='ocrx_word' id='word_1_410' title='bbox 828 4157 867 4204; x_wconf 76' lang='lat' dir='ltr'><strong>E·</strong></span> <span class='ocrx_word' id='word_1_411' title='bbox 897 4160 966 4222; x_wconf 80' lang='lat' dir='ltr'><strong>earet]</strong></span> <span class='ocrx_word' id='word_1_412' title='bbox 983 4160 1078 4218; x_wconf 84' lang='lat' dir='ltr'><strong>Potius,</strong></span> <span class='ocrx_word' id='word_1_413' title='bbox 1089 4162 1149 4225; x_wconf 81' lang='lat' dir='ltr'><strong>quod</strong></span> <span class='ocrx_word' id='word_1_414' title='bbox 1165 4164 1221 4210; x_wconf 80' lang='lat' dir='ltr'><strong>tello</strong></span> <span class='ocrx_word' id='word_1_415' title='bbox 1236 4163 1348 4223; x_wconf 78' lang='lat' dir='ltr'><strong>captaret</strong></span> <span class='ocrx_word' id='word_1_416' title='bbox 1365 4161 1420 4208; x_wconf 78' lang='lat' dir='ltr'><strong>boa·</strong></span> 
     </span>
     <span class='ocr_line' id='line_1_49' title="bbox 341 4221 1420 4288; baseline 0.006 -22"><span class='ocrx_word' id='word_1_417' title='bbox 341 4222 480 4282; x_wconf 76' lang='lat' dir='ltr'><strong>gregtaspe</strong></span> <span class='ocrx_word' id='word_1_418' title='bbox 490 4253 497 4266; x_wconf 94' lang='lat'><strong>.</strong></span> <span class='ocrx_word' id='word_1_419' title='bbox 508 4253 515 4269; x_wconf 89' lang='lat'>.</span> <span class='ocrx_word' id='word_1_420' title='bbox 527 4221 665 4286; x_wconf 78' lang='lat' dir='ltr'><strong>‚fldtasimoe</strong></span> <span class='ocrx_word' id='word_1_421' title='bbox 672 4224 739 4284; x_wconf 77' lang='lat' dir='ltr'><strong>gealt</strong></span> <span class='ocrx_word' id='word_1_422' title='bbox 749 4223 839 4270; x_wconf 80' lang='lat' dir='ltr'><strong>relicta.</strong></span> <span class='ocrx_word' id='word_1_423' title='bbox 898 4228 932 4272; x_wconf 84' lang='lat' dir='ltr'><strong>tea</strong></span> <span class='ocrx_word' id='word_1_424' title='bbox 948 4238 996 4272; x_wconf 81' lang='lat' dir='ltr'><strong>naor</strong></span> <span class='ocrx_word' id='word_1_425' title='bbox 1015 4231 1080 4285; x_wconf 70' lang='lat' dir='ltr'><strong>eran,</strong></span> <span class='ocrx_word' id='word_1_426' title='bbox 1099 4232 1129 4275; x_wconf 89' lang='lat' dir='ltr'><strong>ut</strong></span> <span class='ocrx_word' id='word_1_427' title='bbox 1147 4229 1297 4288; x_wconf 75' lang='lat' dir='ltr'><strong>intelligatur</strong></span> <span class='ocrx_word' id='word_1_428' title='bbox 1315 4226 1420 4288; x_wconf 73' lang='lat' dir='ltr'><strong>accipere</strong></span> 
     </span>
    </p>

    <p class='ocr_par' dir='ltr' id='par_1_13' title="bbox 345 4283 1419 4422">
     <span class='ocr_line' id='line_1_50' title="bbox 378 4283 1233 4351; baseline 0.009 -19"><span class='ocrx_word' id='word_1_429' title='bbox 378 4283 411 4332; x_wconf 78' lang='grc'><strong>95</strong></span> <span class='ocrx_word' id='word_1_430' title='bbox 429 4285 631 4348; x_wconf 52' lang='lat' dir='ltr'><strong>&amp;stemmata</strong></span> <span class='ocrx_word' id='word_1_431' title='bbox 641 4288 812 4350; x_wconf 62' lang='lat' dir='ltr'><strong>memque</strong></span> <span class='ocrx_word' id='word_1_432' title='bbox 829 4288 866 4335; x_wconf 81' lang='lat' dir='ltr'><strong>ta·</strong></span> <span class='ocrx_word' id='word_1_433' title='bbox 898 4289 1041 4351; x_wconf 62' lang='lat' dir='ltr'><strong>ignominia</strong></span> <span class='ocrx_word' id='word_1_434' title='bbox 1058 4293 1233 4342; x_wconf 81' lang='lat' dir='ltr'><strong>Gaonovrua.</strong></span> 
     </span>
     <span class='ocr_line' id='line_1_51' title="bbox 345 4350 1419 4422; baseline 0.007 -24"><span class='ocrx_word' id='word_1_435' title='bbox 345 4351 382 4398; x_wconf 77' lang='lat' dir='ltr'><strong>ter</strong></span> <span class='ocrx_word' id='word_1_436' title='bbox 399 4350 461 4416; x_wconf 78' lang='lat' dir='ltr'><strong>tpaoc</strong></span> <span class='ocrx_word' id='word_1_437' title='bbox 477 4350 557 4414; x_wconf 76' lang='lat' dir='ltr'><strong>pleno]</strong></span> <span class='ocrx_word' id='word_1_438' title='bbox 579 4351 643 4399; x_wconf 78' lang='lat' dir='ltr'><strong>Rem</strong></span> <span class='ocrx_word' id='word_1_439' title='bbox 665 4352 744 4400; x_wconf 74' lang='lat' dir='ltr'><strong>tucius</strong></span> <span class='ocrx_word' id='word_1_440' title='bbox 766 4353 866 4415; x_wconf 82' lang='lat' dir='ltr'><strong>exponit</strong></span> <span class='ocrx_word' id='word_1_441' title='bbox 931 4354 1122 4422; x_wconf 80' lang='lat' dir='ltr'><strong>lProeatarsat]</strong></span> <span class='ocrx_word' id='word_1_442' title='bbox 1139 4357 1334 4408; x_wconf 82' lang='lat' dir='ltr'><strong>Slcretuatiorea</strong></span> <span class='ocrx_word' id='word_1_443' title='bbox 1343 4359 1419 4408; x_wconf 80' lang='lat' dir='ltr'><strong>editi:</strong></span> 
     </span>
    </p>
   </div>
   <div class='ocr_carea' id='block_1_5' title="bbox 0 0 1567 4984">
    <p class='ocr_par' dir='ltr' id='par_1_14' title="bbox 0 0 1567 4984">
     <span class='ocr_line' id='line_1_52' title="bbox 0 0 1567 4984; baseline 0 0"><span class='ocrx_word' id='word_1_444' title='bbox 0 0 1567 4984; x_wconf 95' lang='lat' dir='ltr'><strong> </strong></span> 
     </span>
    </p>
   </div>
  </div>
 </body>
</html>
