3120 4984
321 194 360 254 68
695 189 806 252 TlTl
837 189 976 250 LIVII

161 363 298 416 U·C·⁵tl·
323 355 458 436 numini,
471 377 571 442 quum
594 354 770 439 praesertim
797 355 930 421 Perseus
952 353 1080 439 petisset
1101 353 1319 440 conloquium,
1336 375 1391 424 exi

137 499 139 504 .
161 431 299 483 mm·
324 442 509 510 istimabsnt
522 440 644 508 deberi.
687 441 769 508 loco
791 441 884 510 etiam
909 441 1052 506 Marcius
1068 453 1259 510 cunctantes
1279 443 1391 508 morit.

324 531 448 607 Minor,
464 529 579 614 inquit,
595 531 639 592 acl
658 527 812 612 majorem,
829 539 859 592 ct
873 527 1007 615 (³³quod
1025 527 1175 614 Philippo
1197 528 1256 614 ipsi
1271 551 1392 616 cogno-

324 637 396 682 men
417 616 499 700 erat)
507 617 604 699 filius
623 617 668 680 ud
682 624 806 698 patrem
827 625 977 682 transeat.
1022 615 1130 682 Facile
1151 634 1334 700 persuasum
1358 617 1394 682 id

323 704 391 789 tegi
419 715 477 770 est.
524 701 623 769 Aliud
649 699 768 768 deinde
796 701 1025 788 ambigebatur,
1055 724 1128 770 cum
1158 724 1255 789 quam
1284 702 1394 768 multis

324 789 484 856 transiret.
530 789 612 868 Rex,
628 809 702 854 cum
724 787 812 852 omni
835 789 987 854 comitatu
1006 789 1149 865 transire,
1165 811 1295 875 aequum
1317 811 1394 854 cen·
1505 815 1509 822 ⁴

324 876 431 942 sabat:
455 875 550 963 legati
565 874 615 938 vel
636 896 709 940 cum
724 874 826 941 tribus
842 875 949 940 venire
966 875 1132 961 jubebant,
1150 875 1210 953 vel,
1226 876 1393 942 sitantum

325 984 441 1048 agmen
456 961 646 1037 traduceret,
662 960 786 1026 obsides
800 959 900 1039 daret,
916 962 996 1026 nihil
1016 962 1137 1030 fraudis
1151 960 1264 1028 lorcin
1281 962 1395 1030 conlo-

326 1049 411 1135 quio.
444 1049 606 1134 'Hippian
634 1060 667 1114 et
694 1047 927 1126 Pantauchum,
952 1071 1033 1134 qnos
1058 1061 1090 1114 et
1112 1045 1231 1134 legatrn
1255 1049 1394 1129 miserat,

324 1135 486 1220 principes
514 1135 701 1211 amicorum,
727 1134 852 1202 obsides
877 1134 976 1200 dedit.
1022 1137 1091 1201 Nec
1119 1148 1184 1202 tam
1214 1137 1248 1200 in
1276 1135 1395 1222 pignus
1421 1179 1424 1188 Α

324 1221 402 1288 fidei
415 1221 542 1290 obsides
555 1221 724 1288 desiderati
746 1233 846 1297 crant,
864 1243 959 1308 quam
981 1235 1018 1288 ut
1039 1223 1206 1308 adpareret
1220 1223 1323 1302 sociis,
1340 1245 1407 1288 ne-·
1462 1238 1465 1243 '
1552 1239 1553 1268 l

324 1330 486 1394 quaquam
513 1330 554 1374 ex
582 1307 738 1393 dignitate
766 1308 837 1392 pari
862 1308 1016 1394 congredi
1041 1329 1148 1396 regem
1175 1330 1248 1374 cum
1271 1307 1399 1397 legatis,

268 1416 270 1422 ·
328 1394 485 1461 Salutatio
507 1417 571 1460 non
596 1406 757 1480 tamquam
778 1393 928 1471 hostium,
943 1395 997 1460 sed
1020 1393 1186 1481 hospitalis
1205 1417 1242 1460 ac
1256 1395 1398 1485 benigna

326 1481 385 1548 fuit
393 1505 402 1558 ;
426 1481 599 1568 positisque
612 1479 740 1550 sedibus
753 1480 975 1548 consederunt.

165 1588 253 1637 maron
265 1599 317 1634 ora·
368 1568 444 1634 XL.
467 1567 579 1643 Quum
600 1565 775 1653 paullisper
788 1567 948 1636 silentium
964 1567 1088 1634 fuisset:
1115 1569 1310 1651 Ecspectari,
1327 1591 1395 1652 nas,

164 1657 207 1706 ²¹0·
326 1655 432 1741 inquit
454 1653 608 1733 Marcius,
623 1655 770 1730 artttrcr,
793 1664 828 1718 nt
845 1657 1082 1738 respondeamus
1101 1656 1204 1720 literis
1224 1656 1295 1732 tuis,
1314 1677 1395 1740 quas
1496 1733 1499 1739 ¹
1552 1683 1553 1734 l

327 1743 493 1828 Corcyram
507 1743 620 1809 misisti
623 1775 637 1814 ,-
661 1745 695 1806 in
710 1742 816 1826 quihus
830 1744 953 1826 quens,
969 1744 1046 1827 quid
1058 1742 1106 1808 ita
1119 1743 1218 1826 legati
1230 1763 1294 1808 cum
1308 1743 1394 1810 mili·
1444 1769 1447 1776 ¹

326 1829 407 1894 tibus
417 1831 595 1909 mnerimru,
606 1837 636 1894 et
644 1829 800 1912 presidia
811 1831 845 1894 in
855 1831 993 1914 singulas
1005 1828 1094 1896 urbes
1107 1829 1318 1898 dimittamus?
1342 1830 1399 1896 Ac

325 1917 407 1980 hanc
421 1917 693 2000 interrogationem
707 1925 791 1981 tuum
806 1924 836 1980 et
847 1937 909 1982 non
918 1917 1102 1998 respondere
1111 1935 1226 1993 uereor,
1239 1936 1277 1981 na
1290 1936 1398 1999 super,

327 2002 395 2070 bum
409 2003 461 2080 sit,
477 2011 508 2068 et
521 2023 596 2068 cern
608 2003 801 2085 respondere,
815 2004 961 2068 neminis
974 2001 1112 2068 acerbum
1126 2003 1269 2068 audienti
1277 2002 1339 2070 tihi
1346 2006 1396 2069 ui-

327 2090 449 2155 deutur.
492 2089 555 2154 Sed
567 2111 655 2173 quum
670 2099 726 2154 aut
746 2089 846 2154 uerbis
866 2090 1073 2174 castigandus,
1089 2096 1145 2153 ant
1164 2090 1260 2156 armis
1271 2091 1324 2166 sit,
1340 2093 1397 2174 qni

311 2175 424 2260 fndus
436 2176 570 2258 rumpit,-
593 2178 671 2242 sicut
684 2175 791 2242 ledrmt
806 2176 951 2242 adrasus
970 2185 1001 2242 te
1012 2175 1085 2253 alii,
1101 2175 1292 2258 quom'mihi,
1308 2190 1397 2242 mun·

324 2264 429 2330 datum
450 2263 567 2338 malim,
590 2264 638 2327 itu
660 2263 813 2328 orationis
833 2261 1033 2328 acerbitatem
1060 2263 1205 2328 aarum
1233 2262 1395 2345 hospitem

233 2433 235 2440 Ι
293 2355 296 2359 ’
320 2347 508 2433 “utcumque
522 2358 576 2425 est,
590 2349 710 2414 subibo.-
730 2346 840 2414 ”sient
849 2351 969 2426 medici,
980 2370 1070 2433 quum
1080 2351 1307 2414 sulutiscaussa
1320 2352 1396 2418 tris-

321 2437 406 2502 tiora
420 2437 558 2500 remedia
573 2436 731 2501 adhibent.
760 2437 815 2500 En
825 2457 885 2520 quo
894 2457 1020 2520 regnum
1031 2437 1395 2518 commemorarem

321 2533 362 2600 te,
385 2523 619 2606 quaefacienda
629 2524 748 2607 ficerit,
767 2532 890 2589 senatus
898 2523 1016 2606 faciem
1036 2531 1151 2595 censu,-
1176 2523 1258 2606 quad
1276 2523 1396 2607 legatos

323 2610 455 2686 Romam
470 2611 515 2674 ad
526 2610 734 2676 renovandum
749 2607 946 2692 lllljudicat
954 2610 1071 2692 potius,
1087 2629 1189 2693 quam,
1202 2629 1290 2693 quum
1304 2631 1396 2676 reno-

323 2704 425 2760 uatum
456 2704 540 2770 esset,
565 2696 755 2760 uiolandum.
800 2695 991 2778 Abrupolim,
1015 2697 1127 2762 socium
1150 2705 1243 2780 utque
1264 2698 1396 2764 amicum

318 2781 1399 2956 ‘’tltltttt‘atta{tlttttltttetti‘ttt,t-

323 2953 455 3018 omnium
468 2953 651 3037 Illyricrnm
662 2952 849 3034 fidissimum
863 2957 1006 3022 Romano
1026 2957 1145 3020 nomini
1164 2958 1301 3040 regulum
1315 2958 1397 3022 occi

323 3041 442 3105 derant.
487 3041 553 3105 Per
581 3041 771 3106 Thessaliam
792 3051 822 3107 et
845 3043 1029 3106 Maliensem
1049 3063 1158 3126 ugrum
1175 3063 1239 3108 mem
1260 3044 1397 3112 mamm

297 3209 299 3214 Ι
323 3136 432 3192 contra
440 3127 551 3212 faedus
564 3129 705 3210 Delphos
719 3128 775 3194 isti
783 3156 794 3191 .-
820 3129 988 3214 Bpnuntir's
1002 3130 1076 3206 item
1093 3138 1203 3194 contra
1211 3129 1323 3214 fredus
1336 3132 1396 3196 mi-

323 3214 395 3280 sisti
407 3215 542 3280 ancilia.
589 3213 662 3282 Cum
676 3214 807 3292 Boeotis,
823 3217 913 3282 sociis
926 3217 1050 3294 nostris,
1066 3213 1244 3282 “temetum
1257 3216 1319 3282 tihi
1331 3219 1399 3302 ipsi
1483 3222 1486 3229 ’

323 3301 507 3377 societatem
519 3322 610 3384 quam
620 3322 682 3365 non
692 3301 815 3382 licebat,
819 3301 1028 3388 jurejurando
1032 3303 1197 3388 pepigisti.
1235 3303 1399 3376 Thebanos

324 3388 454 3472 legatos,
469 3389 636 3452 Euersam·
657 3398 687 3452 et
711 3389 914 3467 Callicritum,
930 3390 1083 3454 venientes
1101 3411 1123 3454 a
1140 3389 1236 3467 nohis,
1258 3411 1398 3473 quarere

325 3476 417 3550 mulo,
433 3475 502 3557 quis
516 3475 714 3559 interfecerit,
731 3497 821 3558 quam
835 3497 975 3560 arguere.
1021 3477 1061 3542 In
1076 3475 1203 3542 AEtolin
1221 3475 1330 3542 tettan
1345 3480 1397 3544 in·
1510 3537 1513 3544 .

325 3562 470 3629 testinum
483 3571 514 3624 et
527 3563 811 3644 caedesprincipnm
821 3583 882 3644 per
896 3583 979 3648 quas,
995 3564 1060 3628 nisi
1073 3584 1137 3646 per
1150 3563 1336 3648 tuonficctae
1348 3567 1398 3631 ci·
1438 3621 1451 3634 .
1483 3579 1486 3583 “
1538 3591 1553 3618 ¹

326 3648 397 3714 deri
404 3653 561 3729 pessunt?
583 3649 721 3731 Dolopes
734 3671 755 3712 a
768 3657 800 3714 te
813 3649 880 3731 ipm
894 3650 1027 3716 enudati
1038 3660 1120 3716 sunt.
1165 3651 1317 3720 Eanum
1329 3674 1399 3734 ren,
1524 3675 1527 3682 ’

326 3735 367 3800 ab
380 3735 483 3800 Roma
498 3755 587 3820 quum
605 3736 641 3798 in
662 3755 786 3820 regnum
807 3737 934 3814 rediret,
945 3757 1046 3820 prope
1065 3746 1101 3802 m
1121 3736 1247 3803 uictima
1261 3738 1399 3824 Delphis

749 3873 762 3900 ¹²
772 3869 887 3920 accrum
903 3875 974 3920 Creu.

322 4039 339 4068 t
364 3984 398 4034 33
414 3984 427 4011 ⁸
446 3983 513 4040 Quod
533 3983 645 4044 Philippo
658 3985 705 4044 spa
725 3997 862 4045 cognornen.
879 3988 985 4046 placeret
993 3993 1088 4041 maren,
1101 3986 1300 4050 quacumqueest.

332 4048 394 4110 crat]
406 4049 470 4103 Quia
478 4049 573 4097 Murcia
583 4061 718 4109 cognomen
729 4055 781 4096 erat
792 4050 848 4096 Phi·
910 4051 944 4098 35
959 4052 1027 4099 Stant
1035 4051 1129 4109 mcdms',
1138 4053 1222 4118 quum]
1234 4055 1319 4102 Potest
1328 4059 1400 4106 abes-

272 4151 273 4154 ,
330 4115 421 4174 lippum
433 4115 502 4174 ‘trucul¹
515 4115 578 4174 patri
593 4113 673 4160 Parui
689 4124 778 4161 nomen
794 4115 847 4163 fua·
879 4119 906 4162 'se
916 4117 1150 4229 cumipsffisppp·
1158 4121 1400 4246 {pipam

330 4187 748 4311 'alluunuaqcoem1snpplarea
764 4244 847 4298 Quan-
879 4181 1037 4307 ethiopiam
1054 4245 1097 4295 tibi
1114 4247 1171 4308 ipsi,
1185 4199 1317 4310 mitem
1332 4266 1404 4302 sno-

332 4309 426 4355 turrmis
435 4321 508 4368 grave
519 4309 551 4354 sit
565 4310 721 4355 acerbitatem
731 4309 847 4355 madonis
879 4311 923 4358 bis.

332 4375 447 4420 adversus
458 4372 579 4432 hospitem
590 4385 737 4440 expromere.
765 4373 846 4434 Magn
964 4443 966 4452 Ι
