3120 4984
332 191 392 274 no
461 215 568 275 τιτι
597 190 999 277 miiin1'13.x‘n'111.
1028 199 1129 278 cnr.
1156 217 1279 280 xx111.

167 381 197 429 tt.
210 381 239 430 C.
249 381 304 430 588.
329 381 385 429 libri
395 383 534 444 traduntur,
551 383 583 428 ed
593 379 739 430 'Clondicum
749 377 849 430 nisurss
876 383 946 430 'tione
956 377 1052 432 videtur
1067 391 1150 432 motu·
1166 381 1220 432 esee
1236 383 1359 445 Sigonilir,
1370 387 1401 429 ot

167 449 199 492 A.
214 447 243 495 c.
251 446 305 496 169.
330 459 417 495 narum
440 447 528 494 ducem
545 446 642 496 nLivio
664 449 847 497 nominatuml.
880 449 996 496 mutilum
1008 450 1111 496 hicesse
1125 451 1216 498 librum
1234 451 1403 496 arbitraretur.

330 511 386 557 XL.
398 526 419 558 c.
431 511 471 558 58.
483 511 608 558 retulerit·
627 525 700 572 quem
713 513 849 560 inPaeonia
881 509 996 574 Dujutius
1022 514 1114 576 sigonii
1142 514 1286 563 auctoritate
1313 520 1398 558 motus

329 576 414 622 iecisse
431 577 544 644 aliquem
549 583 644 622 motum
656 577 813 632 existimavit,
823 584 848 623 et
880 577 982 624 credidit
993 579 1079 639 etipse
1090 580 1130 626 hic
1141 579 1232 639 aliquid
1243 577 1401 632 intercidisse,

329 631 362 686 ibi
374 635 549 702 interemptum
565 653 624 689 esse.
657 641 779 710 Erigitur
789 655 845 700 quae
877 643 1026 704 inseruitque
1038 645 1148 691 hocloco
1163 645 1313 703 rogationem
1324 655 1340 688 a
1349 642 1402 688 Vo-

236 713 240 720 ’
328 706 360 750 ad
381 707 453 753 illum
477 706 620 752 Clondicum
639 704 784 765 spectarent,
807 707 847 752 hic
879 709 949 754 eonio
975 710 1156 768 promulgatam
1178 714 1205 754 et
1218 709 1345 770 perlatam
1368 699 1399 753 ἀὲ

321 771 446 828 ,excidisse
467 771 570 832 putarit·
605 769 652 818 Sed
671 785 748 832 quum
769 770 848 817 multo
880 774 1018 830 coercendis
1049 773 1181 820 mulierum
1216 750 1399 832 irereditatibus.

329 836 474 900 probabilior
485 837 526 887 sit,
538 840 566 880 ut
577 848 650 894 supra
666 836 846 889 annotavimus,
880 819 928 883 Sed
942 837 973 883 de
988 838 1042 898 lege
1053 837 1162 885 Voconia
1182 845 1263 899 egerat
1281 836 1367 883 Livius
1382 837 1399 881 l.

329 900 360 946 de
377 895 480 947 Olonico
496 897 634 962 conjecture
656 900 781 957 Gronovii,
805 901 848 959 qni
879 901 948 947 XLI.
959 909 987 949 ut
996 908 1132 962 apparetex
1143 903 1248 963 epitome
1259 902 1326 948 illius
1334 901 1399 948 lion.
1429 939 1431 944 .

329 963 401 1010 illum
412 967 527 1012 eumdem
536 978 588 1011 esse
596 979 653 1012 cum
663 965 729 1011 Flori
738 965 847 1012 Salondi-
881 967 1008 1014 Credimus
1021 968 1095 1028 igitur
1107 968 1168 1014 nihil
1179 973 1210 1014 ex
1222 968 1269 1016 line
1280 963 1355 1029 hujus
1369 963 1401 1013 li·

330 1041 359 1076 eo
368 1030 499 1078 arbitratus
510 1037 555 1085 ert,
566 1031 632 1078 nutu
644 1031 701 1078 satir
712 1031 798 1078 idonea
809 1043 847 1076 ra·
880 1031 915 1078 bri
928 1031 1025 1078 XLlll.
1019 1033 1145 1092 periisse.
