3056 4976
437 169 499 230 DE
527 169 862 238 PONDERIBUS,
885 172 933 249 ᾅο.
979 161 984 173 ’
1203 171 1231 228 ci

132 328 317 394 institutum
334 342 369 397 ut
383 355 466 398 asses
479 335 674 398 sextantario
684 336 825 420 pondere
836 333 1174 406 ferirentur„manente
1185 332 1307 396 le-Aue·
1317 352 1372 416 gcx-

132 416 277 480 vioribus
293 417 342 482 his
356 419 476 484 assibus
487 420 597 484 eodem
611 421 724 506 pretio,
736 419 822 506 quod
834 419 996 484 libralibus
1006 418 1118 483 fuerat.
1151 410 1342 484 Mustsntrm.

56 575 64 598 ι
132 514 309 568 tatoaereae
321 505 619 592 monetoepondere,
632 522 794 570 etmutata
807 518 947 570 notaest.
981 507 1068 570 Nota
1078 506 1228 570 aeristum

133 586 193 652 fuit
206 611 250 652 ex
267 590 369 656 altera
383 607 473 677 parte
483 593 584 657 Janus
593 593 748 681 geminus,
762 615 802 656 ex
813 592 912 656 altera
924 603 1059 656 rostrum
1073 593 1178 656 navis:
1196 595 1227 654 in

133 675 251 740 triente
265 699 343 742 vero
357 691 389 742 et
407 679 592 765 quadrante,
609 680 694 756 ratis,
712 679 795 743 unde
815 693 847 743 et
868 679 957 742 ratiti
979 677 1136 742 interdurn
1152 678 1229 744 dicti

134 772 220 836 sunt,
238 772 318 828 teste
334 764 438 828 Festo.
529 767 543 824 Γ

177 845 298 914 Postea
314 851 470 916 Annibale
485 864 627 938 urgente,
641 851 684 928 Q.
698 851 798 916 Fabio
811 849 961 915 Maximo
972 851 1136 932 dictatore,
1148 865 1308 915 assesnaet
1320 877 1364 912 ιιιι-

131 933 274 998 unciales
288 935 383 1001 factis
407 937 468 1002 aed'
478 950 599 1002 mutata
612 953 660 1002 est
674 959 783 1002 eorum
800 937 842 1002 ad
863 951 1028 1024 argeutum
1045 930 1316 1022 proportio;⁰¹·¹⁰¹·

130 1007 318 1108 placuitque
331 1022 495 1087 denarium
508 1023 642 1089 sedecim
654 1025 775 1089 assibus
784 1024 971 1108 permutari,
983 1024 1162 1110 quinarium
1176 1046 1229 1088 oc-

131 1108 227 1182 tonis,
243 1110 419 1174 sestertium
429 1111 605 1196 quaternis.
651 1112 815 1175 Postremo
829 1132 911 1173 asses
925 1110 1130 1174 semuncialcs
1144 1109 1227 1188 lacti,
1237 1121 1309 1168 Ana
1321 1135 1380 1168 tem-

131 1213 197 1277 quo
212 1205 367 1279 tempore,
384 1218 449 1282 quo
463 1196 581 1262 ferente
594 1197 624 1261 le
664 1217 707 1272 m,
724 1200 895 1260 incertum:
918 1196 978 1260 nisi
995 1197 1078 1282 quod
1094 1196 1226 1261 latorem
1237 1186 1348 1234 uncinos

130 1277 160 1341 le
182 1279 211 1342 .'s
235 1279 403 1364 Papirium
424 1284 594 1348 vocitatum
617 1220 714 1348 ddisse
735 1293 868 1359 constat,
883 1304 981 1368 quum
1004 1286 1102 1366 ipsam
1126 1283 1155 1346 le
1177 1305 1228 1346 ern

133 1299 260 1430 Plinius
277 1366 440 1451 Papiriam
454 1368 601 1454 appellet.
638 1369 700 1434 Sed
717 1381 792 1432 tunc
806 1383 912 1434 tamen
924 1383 1046 1432 servata
1059 1305 1226 1434 estendam

132 1473 205 1552 quae
220 1475 241 1515 a
256 1452 342 1518 bello
358 1454 481 1520 Punico
502 1457 641 1520 secundo
662 1455 838 1520 invaluerat
859 1453 973 1518 borum
997 1455 1036 1520 ad
1060 1472 1226 1541 argentum

132 1551 224 1602 ratro.

174 1627 267 1690 Nota
280 1631 403 1715 argenti
417 1628 506 1694 fuere
520 1630 603 1716 bigae
614 1641 709 1714 atque
718 1628 895 1718 quadrigoe,
906 1642 939 1693 et
948 1627 1022 1692 inde
1034 1629 1132 1715 bigati
1148 1650 1228 1712 qua·

131 1710 315 1799 drigatique
329 1713 415 1779 dicti.

136 1836 140 1846 ·
165 1801 1102 1890 Aureusnummuspostannuntsecundumetsexagesimum
1113 1802 1328 1866 Romaeamus

131 1901 368 1967 pertusensem,
381 1909 475 1970 quarn
488 1904 666 1976 argenteus,
678 1889 710 1954 id
722 1904 778 1964 est,
791 1889 874 1954 bello
888 1890 1009 1954 Punico
1024 1889 1173 1966 secundo,
1187 1889 1224 1953 C.
1235 1891 1389 1926 nummum-

132 1969 272 2036 Claudio
288 1972 428 2053 Nerone,
445 1975 496 2039 M.
512 1976 606 2041 Livio
622 1977 667 2041 ll.
690 1976 887 2040 consulibus:
912 1991 1042 2062 tumque
1064 1975 1132 2040 auri
1155 1944 1389 2067 ρτο-ἶζῖῗὲοᾞο

129 2059 311 2141 portionem
328 2059 368 2124 ad
391 2074 557 2148 argentum
579 2063 824 2148 quindecuplam
849 2062 944 2126 fuisse
959 2084 1001 2125 ex
1018 2062 1123 2126 Plinio
1138 2061 1286 2126 colli-nari
1297 2089 1346 2121 0.oe-

152 2144 235 2208 'turr
260 2145 315 2210 sed
332 2145 419 2210 brevi
433 2149 570 2228 decupla
585 2150 694 2214 effecta
708 2165 754 2212 est
771 2171 812 2212 ex
833 2149 1009 2212 imitatione
1025 2147 1299 2212 Graecorumrtu·

164 2231 270 2294 ecimo
279 2232 375 2298 tertio
383 2247 457 2318 post
465 2234 582 2299 bellum
593 2235 818 2299 Annibalicum
827 2233 1004 2298 coniectum
1015 2255 1100 2296 anne
1110 2233 1226 2317 juben·
1235 2238 1295 2284 nuri
1304 2239 1333 2286 ⁸¹¹
1345 2253 1382 2286 sr-

129 2332 181 2380 tur
197 2317 306 2400 AEtoli
345 2341 381 2382 ro
395 2320 503 2384 decem
520 2322 675 2403 argenteis
696 2343 793 2384 unum
818 2342 947 2384 aureum
969 2341 1132 2382 nummum
1148 2310 1339 2402 pen-“⁰⁸⁰m.

128 2401 216 2483 dere,
234 2418 270 2468 ut
282 2341 378 2470 habet
391 2406 500 2471 Livius
511 2407 532 2471 l.
545 2407 791 2472 xxxvl11.c.
808 2415 857 2469 ll.
870 2405 944 2484 sive,
956 2417 992 2468 ut
1007 2405 1119 2469 clarius
1130 2403 1226 2490 Poly·
1235 2375 1364 2492 {illm

129 2489 211 2568 bias,
228 2513 289 2576 pro
304 2491 414 2556 decent
428 2494 552 2579 argenti
566 2494 662 2558 minis
677 2514 772 2558 unam
788 2495 857 2555 auri
875 2491 1002 2555 minam.
1234 2499 1389 2624 bibims

143 2633 147 2642 ,
171 2578 319 2642 Aureum
335 2597 500 2645 nummum
517 2581 610 2644 unius
624 2580 757 2667 generis,
771 2579 864 2642 unius
878 2577 990 2642 formae
1005 2577 1091 2677 apud
1106 2577 1225 2640 Roma·
1234 2629 1341 2690 decupla.

128 2685 188 2728 nos
212 2665 307 2730 luisse
329 2679 436 2730 censet
458 2667 650 2744 Gronovius,
673 2680 768 2752 atque
797 2665 868 2730 ideo
898 2686 962 2727 non
988 2664 1119 2748 reperiri
1142 2665 1224 2748 apud

127 2751 299 2835 scriptores
310 2754 400 2816 varia
410 2775 578 2818 aureorum
591 2753 821 2828 Romanorum,
833 2750 1101 2837 quemadmodum
1112 2763 1225 2837 orgen*
1234 2757 1272 2834 Pe
1281 2758 1334 2804 rec.
1342 2761 1390 2806 vat.

127 2849 268 2939 tearum,
280 2840 421 2916 nomina,
434 2841 509 2926 quia
519 2855 740 2922 argenteorum
754 2839 815 2902 tria
826 2860 942 2924 genera
953 2851 1053 2913 erant,
1066 2836 1223 2914 denarius,
1234 2822 1334 2934 ἓὺὶέη·

128 2945 307 3010 quinarius,
324 2927 484 2990 sestertius
493 2949 503 3005 ;
526 2947 695 2991 aureorum
711 2947 821 2990 unum.

171 3009 277 3095 Cujus
291 3011 440 3095 ponderis
451 3035 564 3077 aureus
574 3035 723 3078 nummus
734 3013 839 3097 primo
853 3013 967 3076 Romae
982 3033 1148 3098 percussus
1159 3010 1225 3076 fue·

128 3095 178 3173 rit,
191 3119 292 3182 quum
308 3098 522 3184 quindecupla
533 3099 601 3162 auri
613 3098 654 3164 ud
665 3112 831 3186 argentum
846 3101 1009 3183 proportio
1024 3099 1056 3161 in
1074 3120 1132 3162 usu
1147 3112 1225 3174 erat,

126 3203 191 3246 non
205 3185 391 3266 reperimus.
427 3185 491 3249 Sed
502 3183 581 3249 illud
591 3185 752 3271 perbreve,
766 3199 800 3248 ut
811 3184 907 3248 modo
916 3185 1067 3260 diximus,
1078 3185 1226 3249 interval·

126 3267 194 3334 lum
211 3269 292 3334 fuit:
315 3287 387 3355 post
402 3274 486 3356 quod
498 3274 630 3354 placuit,
644 3273 746 3357 inquit
762 3270 894 3348 Plinius,
907 3275 1118 3356 quadraginta
1134 3291 1225 3336 num·
1235 3288 1286 3333 xl..
1297 3287 1387 3332 nummi

127 3378 195 3420 mos
217 3359 249 3420 si
272 3359 345 3422 nuri
372 3381 411 3422 er
439 3362 512 3422 ouri
535 3359 624 3422 libris.
672 3359 725 3422 Sic
747 3359 829 3423 enim
854 3357 1033 3444 legendum.
1051 3380 1116 3421 esse
1138 3352 1364 3421 bunc‘ssu'll·

129 3441 227 3508 Plinii
246 3379 356 3508 locum
379 3445 548 3521 credimus,
567 3457 601 3508 ut
622 3458 653 3508 et
677 3445 795 3508 babent
816 3443 935 3528 aliquot
953 3443 1055 3509 MSS.
1078 3455 1156 3508 teste
1173 3417 1295 3529 Clllffi,
1307 3483 1364 3530 ibid.

128 3527 315 3608 Hardnino,
329 3531 548 3617 quamvisipse
557 3530 648 3594 aliam
658 3530 826 3606 lectionem
836 3529 1139 3617 magisprobaverit,
1150 3543 1181 3592 et
1191 3529 1222 3592 in
1251 3584 1254 3596 .

126 3627 312 3680 contextum
323 3617 496 3682 admiserit
535 3616 644 3693 Quum
656 3617 754 3704 igitur
765 3615 974 3702 quadraginta
987 3617 1072 3679 aurei
1085 3637 1125 3678 ex
1136 3613 1224 3678 libris

124 3703 230 3766 aureis
245 3703 456 3788 signarentur,
469 3704 495 3767 si
505 3718 632 3768 centum
649 3704 770 3768 denarii
782 3703 815 3764 in
828 3701 941 3766 libram
958 3705 1163 3785 imputentur,
1177 3723 1224 3764 se-

124 3790 238 3874 quitur
252 3811 383 3854 aureum
399 3811 565 3854 nummum
578 3788 676 3853 dudm
692 3789 895 3854 denariorum
908 3803 939 3851 et
951 3788 1087 3872 quinarii
1099 3787 1225 3872 pondus

124 3897 281 3962 aequasse.
327 3879 435 3962 Atque
449 3875 512 3941 boc
527 3875 653 3962 quidem
670 3876 807 3960 perbene
822 3875 969 3939 convenit
984 3896 1055 3938 cum
1072 3886 1225 3960 perpetua

124 3963 212 4027 aurei
231 3963 369 4027 Romani
392 3963 611 4037 aestimatione,
627 3985 720 4048 quern
741 3975 861 4026 veteres
877 3983 994 4047 magno
1009 3983 1163 4025 consensu
1178 3961 1327 4029 vi-nureua

124 4049 206 4134 ginti
229 4049 371 4135 quinque
392 4050 527 4114 denariis
548 4049 706 4135 argenteis
728 4047 860 4113 valuisse
881 4059 1042 4111 testantur.
1089 4047 1122 4112 Si
1138 4048 1222 4112 enim
1235 4049 1357 4123 R⁰¹¹¹‚⁸¹¹¹¹¹

120 4146 271 4201 servetur
285 4134 421 4220 decupla
436 4137 507 4200 auri
528 4135 569 4200 ad
592 4149 758 4220 argentum
782 4132 959 4218 proportio,
976 4132 1177 4200 duodenarii
1193 4147 1224 4197 et
1234 4114 1310 4158 '⁸¹⁰¹‘
1321 4118 1381 4172 ⁹⁵²·

127 4223 220 4284 semis
235 4243 275 4284 ex
289 4244 369 4285 auro
383 4245 474 4307 pares
489 4236 564 4286 sunt
578 4221 690 4302 viginti
712 4221 852 4307 quinque
871 4220 1009 4284 denariis
1023 4243 1064 4284 ex
1081 4231 1222 4305 argento.

128 4303 217 4372 Talis
239 4328 317 4398 ergo
339 4309 398 4376 fuit
419 4331 533 4374 aureus
553 4307 737 4374 Romanus:
761 4321 802 4386 et,
819 4307 844 4372 si
866 4307 995 4394 quando
1017 4305 1222 4372 denariorum

648 4403 705 4460 o3

1233 4178 1314 4226 denar.
