<?xml version="1.0" encoding="UTF-8"?>
<!DOCTYPE html PUBLIC "-//W3C//DTD XHTML 1.0 Transitional//EN"
    "http://www.w3.org/TR/xhtml1/DTD/xhtml1-transitional.dtd">
<html xmlns="http://www.w3.org/1999/xhtml" xml:lang="en" lang="en">
 <head>
  <title>
</title>
<meta http-equiv="Content-Type" content="text/html;charset=utf-8" />
  <meta name='ocr-system' content='tesseract 3.04.00' />
  <meta name='ocr-capabilities' content='ocr_page ocr_carea ocr_par ocr_line ocrx_word'/>
</head>
<body>
  <div class='ocr_page' id='page_1' title='image "./tliviipatavinih03crevgoog_0400.png"; bbox 0 0 3154 4984; ppageno 0'>
   <div class='ocr_carea' id='block_1_1' title="bbox 472 157 1230 264">
    <p class='ocr_par' dir='ltr' id='par_1_1' title="bbox 472 157 1230 264">
     <span class='ocr_line' id='line_1_1' title="bbox 472 157 1230 264; baseline 0.011 -16"><span class='ocrx_word' id='word_1_1' title='bbox 472 157 912 252; x_wconf 60' lang='lat' dir='ltr'><em>pistomarcus.</em></span> <span class='ocrx_word' id='word_1_2' title='bbox 978 235 980 238; x_wconf 91' lang='lat'>.</span> <span class='ocrx_word' id='word_1_3' title='bbox 1164 198 1230 264; x_wconf 74' lang='lat' dir='ltr'><em>ms.</em></span> 
     </span>
    </p>
   </div>
   <div class='ocr_carea' id='block_1_2' title="bbox 127 351 1310 1368">
    <p class='ocr_par' dir='ltr' id='par_1_2' title="bbox 127 351 1310 1368">
     <span class='ocr_line' id='line_1_2' title="bbox 167 351 1225 442; baseline 0.006 -26"><span class='ocrx_word' id='word_1_4' title='bbox 167 359 226 416; x_wconf 90' lang='lat' dir='ltr'><em>tem</em></span> <span class='ocrx_word' id='word_1_5' title='bbox 240 359 271 416; x_wconf 85' lang='lat' dir='ltr'><em>et</em></span> <span class='ocrx_word' id='word_1_6' title='bbox 279 351 447 418; x_wconf 84' lang='lat' dir='ltr'><em>avaritiam</em></span> <span class='ocrx_word' id='word_1_7' title='bbox 458 352 491 416; x_wconf 88' lang='lat' dir='ltr'><em>in</em></span> <span class='ocrx_word' id='word_1_8' title='bbox 499 354 650 435; x_wconf 83' lang='lat' dir='ltr'><em>prataria</em></span> <span class='ocrx_word' id='word_1_9' title='bbox 660 374 714 419; x_wconf 91' lang='lat' dir='ltr'><em>suo</em></span> <span class='ocrx_word' id='word_1_10' title='bbox 723 355 809 419; x_wconf 76' lang='lat' dir='ltr'><em>aimus</em></span> <span class='ocrx_word' id='word_1_11' title='bbox 819 361 939 420; x_wconf 85' lang='lat' dir='ltr'><em>eaustus</em></span> <span class='ocrx_word' id='word_1_12' title='bbox 949 362 1001 418; x_wconf 88' lang='lat' dir='ltr'><em>est.</em></span> <span class='ocrx_word' id='word_1_13' title='bbox 1045 354 1087 420; x_wconf 78' lang='lat' dir='ltr'><em>L.</em></span> <span class='ocrx_word' id='word_1_14' title='bbox 1098 355 1225 442; x_wconf 76' lang='lat' dir='ltr'><em>Paraip-</em></span> 
     </span>
     <span class='ocr_line' id='line_1_3' title="bbox 160 439 1226 524; baseline 0.006 -22"><span class='ocrx_word' id='word_1_15' title='bbox 160 458 225 522; x_wconf 87' lang='lat' dir='ltr'><em>pus</em></span> <span class='ocrx_word' id='word_1_16' title='bbox 245 439 363 523; x_wconf 87' lang='lat' dir='ltr'><em>legatus</em></span> <span class='ocrx_word' id='word_1_17' title='bbox 383 439 476 503; x_wconf 84' lang='lat' dir='ltr'><em>Sulla</em></span> <span class='ocrx_word' id='word_1_18' title='bbox 496 440 686 518; x_wconf 78' lang='lat' dir='ltr'><strong><em>Sardiniam,</em></strong></span> <span class='ocrx_word' id='word_1_19' title='bbox 713 441 751 514; x_wconf 87' lang='lat' dir='ltr'><em>Q.</em></span> <span class='ocrx_word' id='word_1_20' title='bbox 766 441 905 506; x_wconf 85' lang='lat' dir='ltr'><em>Antonio</em></span> <span class='ocrx_word' id='word_1_21' title='bbox 927 441 1065 524; x_wconf 79' lang='lat' dir='ltr'><em>pratoie</em></span> <span class='ocrx_word' id='word_1_22' title='bbox 1083 445 1175 524; x_wconf 86' lang='lat' dir='ltr'><em>pulso</em></span> <span class='ocrx_word' id='word_1_23' title='bbox 1195 454 1226 508; x_wconf 90' lang='lat' dir='ltr'><em>et</em></span> 
     </span>
     <span class='ocr_line' id='line_1_4' title="bbox 167 522 1225 610; baseline 0.004 -22"><span class='ocrx_word' id='word_1_24' title='bbox 167 522 272 600; x_wconf 87' lang='lat' dir='ltr'><em>occisa,</em></span> <span class='ocrx_word' id='word_1_25' title='bbox 287 526 453 608; x_wconf 84' lang='lat' dir='ltr'><em>occupauit.</em></span> <span class='ocrx_word' id='word_1_26' title='bbox 499 523 586 590; x_wconf 73' lang='lat' dir='ltr'><em>Sella</em></span> <span class='ocrx_word' id='word_1_27' title='bbox 600 547 665 590; x_wconf 89' lang='lat' dir='ltr'><em>cum</em></span> <span class='ocrx_word' id='word_1_28' title='bbox 677 526 801 591; x_wconf 80' lang='lat' dir='ltr'><em>Italicis</em></span> <span class='ocrx_word' id='word_1_29' title='bbox 818 526 951 610; x_wconf 87' lang='lat' dir='ltr'><em>papulis,</em></span> <span class='ocrx_word' id='word_1_30' title='bbox 965 547 1004 590; x_wconf 88' lang='lat' dir='ltr'><em>ne</em></span> <span class='ocrx_word' id='word_1_31' title='bbox 1017 526 1172 592; x_wconf 76' lang='lat' dir='ltr'><em>timeretur</em></span> <span class='ocrx_word' id='word_1_32' title='bbox 1185 530 1225 592; x_wconf 92' lang='lat' dir='ltr'><em>ab</em></span> 
     </span>
     <span class='ocr_line' id='line_1_5' title="bbox 168 610 1225 700; baseline 0.008 -26"><span class='ocrx_word' id='word_1_33' title='bbox 168 610 220 686; x_wconf 86' lang='lat' dir='ltr'><em>iis,</em></span> <span class='ocrx_word' id='word_1_34' title='bbox 240 612 321 675; x_wconf 82' lang='lat' dir='ltr'><em>velut</em></span> <span class='ocrx_word' id='word_1_35' title='bbox 339 620 496 693; x_wconf 72' lang='lat' dir='ltr'><em>erepturus</em></span> <span class='ocrx_word' id='word_1_36' title='bbox 518 613 672 676; x_wconf 82' lang='lat' dir='ltr'><em>ciuitatem</em></span> <span class='ocrx_word' id='word_1_37' title='bbox 686 610 750 676; x_wconf 76' lang='lat' dir='ltr'><em>”et</em></span> <span class='ocrx_word' id='word_1_38' title='bbox 763 613 910 700; x_wconf 67' lang='lat' dir='ltr'><em>suffragii</em></span> <span class='ocrx_word' id='word_1_39' title='bbox 923 611 978 698; x_wconf 86' lang='lat' dir='ltr'><em>jus</em></span> <span class='ocrx_word' id='word_1_40' title='bbox 999 634 1097 696; x_wconf 87' lang='lat' dir='ltr'><em>nuper</em></span> <span class='ocrx_word' id='word_1_41' title='bbox 1110 616 1225 692; x_wconf 66' lang='lat' dir='ltr'><em>damn,</em></span> 
     </span>
     <span class='ocr_line' id='line_1_6' title="bbox 127 695 1226 784; baseline 0.005 -24"><span class='ocrx_word' id='word_1_42' title='bbox 127 731 129 734; x_wconf 95' lang='lat'>·</span> <span class='ocrx_word' id='word_1_43' title='bbox 155 695 267 782; x_wconf 81' lang='lat' dir='ltr'><em>foedus</em></span> <span class='ocrx_word' id='word_1_44' title='bbox 274 697 436 780; x_wconf 74' lang='lat' dir='ltr'><em>permissit.</em></span> <span class='ocrx_word' id='word_1_45' title='bbox 479 697 631 782; x_wconf 82' lang='lat' dir='ltr'><strong><em>Idemque,</em></strong></span> <span class='ocrx_word' id='word_1_46' title='bbox 647 697 884 784; x_wconf 81' lang='lat' dir='ltr'><em>eafiduciajam</em></span> <span class='ocrx_word' id='word_1_47' title='bbox 897 708 988 762; x_wconf 83' lang='lat' dir='ltr'><em>certa</em></span> <span class='ocrx_word' id='word_1_48' title='bbox 1000 699 1148 776; x_wconf 80' lang='lat' dir='ltr'><em>uictoria,</em></span> <span class='ocrx_word' id='word_1_49' title='bbox 1162 701 1226 765; x_wconf 91' lang='lat' dir='ltr'><em>liti·</em></span> 
     </span>
     <span class='ocr_line' id='line_1_7' title="bbox 164 781 1226 874; baseline 0.007 -29"><span class='ocrx_word' id='word_1_50' title='bbox 164 791 300 867; x_wconf 78' lang='lat' dir='ltr'><em>gatores,</em></span> <span class='ocrx_word' id='word_1_51' title='bbox 316 781 458 868; x_wconf 82' lang='lat' dir='ltr'><em>aquibus</em></span> <span class='ocrx_word' id='word_1_52' title='bbox 476 783 631 861; x_wconf 81' lang='lat' dir='ltr'><em>adibatur,</em></span> <span class='ocrx_word' id='word_1_53' title='bbox 647 785 823 850; x_wconf 82' lang='lat' dir='ltr'><em>vadimonia</em></span> <span class='ocrx_word' id='word_1_54' title='bbox 838 785 967 850; x_wconf 83' lang='lat' dir='ltr'><em>Romam</em></span> <span class='ocrx_word' id='word_1_55' title='bbox 981 784 1106 874; x_wconf 60' lang='lat' dir='ltr'><em>afferre</em></span> <span class='ocrx_word' id='word_1_56' title='bbox 1117 785 1226 870; x_wconf 80' lang='lat' dir='ltr'><em>jussit,</em></span> 
     </span>
     <span class='ocr_line' id='line_1_8' title="bbox 167 868 1227 956; baseline 0.003 -25"><span class='ocrx_word' id='word_1_57' title='bbox 167 890 257 954; x_wconf 82' lang='lat' dir='ltr'><em>quum</em></span> <span class='ocrx_word' id='word_1_58' title='bbox 271 891 292 931; x_wconf 90' lang='lat' dir='ltr'><em>a</em></span> <span class='ocrx_word' id='word_1_59' title='bbox 301 878 397 952; x_wconf 90' lang='lat' dir='ltr'><em>parte</em></span> <span class='ocrx_word' id='word_1_60' title='bbox 411 869 531 934; x_wconf 82' lang='lat' dir='ltr'><em>diversa</em></span> <span class='ocrx_word' id='word_1_61' title='bbox 544 868 615 934; x_wconf 88' lang='lat' dir='ltr'><em>urbs</em></span> <span class='ocrx_word' id='word_1_62' title='bbox 634 870 734 934; x_wconf 86' lang='lat' dir='ltr'><em>adbuc</em></span> <span class='ocrx_word' id='word_1_63' title='bbox 754 879 916 934; x_wconf 86' lang='lat' dir='ltr'><em>teneretur.</em></span> <span class='ocrx_word' id='word_1_64' title='bbox 962 870 999 936; x_wconf 77' lang='lat' dir='ltr'>L</span> <span class='ocrx_word' id='word_1_65' title='bbox 1016 871 1227 956; x_wconf 79' lang='lat' dir='ltr'><em>Damasippus</em></span> 
     </span>
     <span class='ocr_line' id='line_1_9' title="bbox 160 953 1235 1040; baseline 0.005 -22"><span class='ocrx_word' id='word_1_66' title='bbox 160 964 293 1038; x_wconf 78' lang='lat' dir='ltr'><em>pretor,</em></span> <span class='ocrx_word' id='word_1_67' title='bbox 309 977 348 1018; x_wconf 83' lang='lat' dir='ltr'><em>eu</em></span> <span class='ocrx_word' id='word_1_68' title='bbox 360 957 515 1021; x_wconf 85' lang='lat' dir='ltr'><em>uoluntate</em></span> <span class='ocrx_word' id='word_1_69' title='bbox 532 955 565 1022; x_wconf 88' lang='lat' dir='ltr'><em>C.</em></span> <span class='ocrx_word' id='word_1_70' title='bbox 583 953 690 1020; x_wconf 86' lang='lat' dir='ltr'><em>Marii</em></span> <span class='ocrx_word' id='word_1_71' title='bbox 702 957 832 1021; x_wconf 74' lang='lat' dir='ltr'><em>consilis</em></span> <span class='ocrx_word' id='word_1_72' title='bbox 852 978 940 1040; x_wconf 87' lang='lat' dir='ltr'><em>quum</em></span> <span class='ocrx_word' id='word_1_73' title='bbox 954 965 1089 1024; x_wconf 87' lang='lat' dir='ltr'><em>senatum</em></span> <span class='ocrx_word' id='word_1_74' title='bbox 1103 959 1235 1023; x_wconf 84' lang='lat' dir='ltr'><em>contra·&#39;</em></span> 
     </span>
     <span class='ocr_line' id='line_1_10' title="bbox 166 1041 1234 1126; baseline 0.005 -23"><span class='ocrx_word' id='word_1_75' title='bbox 166 1043 270 1117; x_wconf 89' lang='lat' dir='ltr'><em>uisset,</em></span> <span class='ocrx_word' id='word_1_76' title='bbox 283 1062 407 1117; x_wconf 90' lang='lat' dir='ltr'><em>omnem,</em></span> <span class='ocrx_word' id='word_1_77' title='bbox 419 1062 487 1126; x_wconf 85' lang='lat' dir='ltr'><em>quoe</em></span> <span class='ocrx_word' id='word_1_78' title='bbox 502 1042 536 1106; x_wconf 91' lang='lat' dir='ltr'><em>in</em></span> <span class='ocrx_word' id='word_1_79' title='bbox 549 1041 623 1106; x_wconf 86' lang='lat' dir='ltr'><em>urba</em></span> <span class='ocrx_word' id='word_1_80' title='bbox 636 1052 715 1119; x_wconf 90' lang='lat' dir='ltr'><em>erat,</em></span> <span class='ocrx_word' id='word_1_81' title='bbox 730 1042 920 1106; x_wconf 88' lang='lat' dir='ltr'><em>nobilitatem</em></span> <span class='ocrx_word' id='word_1_82' title='bbox 934 1045 1109 1110; x_wconf 66' lang='lat' dir='ltr'><em>trucidavit.</em></span> <span class='ocrx_word' id='word_1_83' title='bbox 1124 1067 1162 1108; x_wconf 84' lang='lat' dir='ltr'><em>eu</em></span> <span class='ocrx_word' id='word_1_84' title='bbox 1175 1041 1234 1108; x_wconf 77' lang='lat' dir='ltr'><em>cu-&#39;</em></span> 
     </span>
     <span class='ocr_line' id='line_1_11' title="bbox 156 1125 1225 1214; baseline 0.005 -24"><span class='ocrx_word' id='word_1_85' title='bbox 156 1125 214 1211; x_wconf 85' lang='lat' dir='ltr'><em>jus</em></span> <span class='ocrx_word' id='word_1_86' title='bbox 234 1148 357 1194; x_wconf 83' lang='lat' dir='ltr'><em>numero</em></span> <span class='ocrx_word' id='word_1_87' title='bbox 382 1125 420 1204; x_wconf 58' lang='lat'><em>0,</em></span> <span class='ocrx_word' id='word_1_88' title='bbox 436 1127 558 1192; x_wconf 87' lang='lat' dir='ltr'><em>Mucius</em></span> <span class='ocrx_word' id='word_1_89' title='bbox 577 1127 710 1193; x_wconf 73' lang='lat' dir='ltr'><em>&amp;erola</em></span> <span class='ocrx_word' id='word_1_90' title='bbox 726 1128 872 1214; x_wconf 73' lang='lat' dir='ltr'><em>paulisco</em></span> <span class='ocrx_word' id='word_1_91' title='bbox 892 1129 1177 1214; x_wconf 74' lang='lat' dir='ltr'><em>mucimusfirgiens</em></span> <span class='ocrx_word' id='word_1_92' title='bbox 1191 1133 1225 1195; x_wconf 88' lang='lat' dir='ltr'><em>in</em></span> 
     </span>
     <span class='ocr_line' id='line_1_12' title="bbox 167 1212 1310 1284; baseline 0.003 -6"><span class='ocrx_word' id='word_1_93' title='bbox 167 1212 313 1284; x_wconf 82' lang='lat' dir='ltr'><em>vestibulo</em></span> <span class='ocrx_word' id='word_1_94' title='bbox 325 1215 402 1280; x_wconf 77' lang='lat' dir='ltr'><em>cerlis</em></span> <span class='ocrx_word' id='word_1_95' title='bbox 420 1213 518 1278; x_wconf 83' lang='lat' dir='ltr'><em>Vesta</em></span> <span class='ocrx_word' id='word_1_96' title='bbox 536 1215 648 1282; x_wconf 87' lang='lat' dir='ltr'><em>accisus</em></span> <span class='ocrx_word' id='word_1_97' title='bbox 667 1224 719 1278; x_wconf 88' lang='lat' dir='ltr'><em>est.</em></span> <span class='ocrx_word' id='word_1_98' title='bbox 763 1215 923 1278; x_wconf 68' lang='lat' dir='ltr'><em>Praeterea</em></span> <span class='ocrx_word' id='word_1_99' title='bbox 938 1214 1045 1280; x_wconf 90' lang='lat' dir='ltr'><em>bellum</em></span> <span class='ocrx_word' id='word_1_100' title='bbox 1059 1238 1080 1279; x_wconf 89' lang='lat' dir='ltr'><em>a</em></span> <span class='ocrx_word' id='word_1_101' title='bbox 1094 1217 1136 1281; x_wconf 88' lang='lat' dir='ltr'><em>L.</em></span> <span class='ocrx_word' id='word_1_102' title='bbox 1150 1215 1224 1284; x_wconf 86' lang='lat' dir='ltr'><em>Mu·</em></span> <span class='ocrx_word' id='word_1_103' title='bbox 1307 1231 1310 1234; x_wconf 82' lang='lat'>&#39;</span> 
     </span>
     <span class='ocr_line' id='line_1_13' title="bbox 166 1300 1204 1368; baseline 0.003 -4"><span class='ocrx_word' id='word_1_104' title='bbox 166 1320 245 1364; x_wconf 85' lang='lat' dir='ltr'><em>rena</em></span> <span class='ocrx_word' id='word_1_105' title='bbox 259 1301 403 1366; x_wconf 77' lang='lat' dir='ltr'><em>advmsus</em></span> <span class='ocrx_word' id='word_1_106' title='bbox 416 1300 633 1368; x_wconf 68' lang='lat' dir='ltr'><em>Mithridatem</em></span> <span class='ocrx_word' id='word_1_107' title='bbox 649 1300 681 1364; x_wconf 88' lang='lat' dir='ltr'><em>in</em></span> <span class='ocrx_word' id='word_1_108' title='bbox 694 1300 772 1366; x_wconf 85' lang='lat' dir='ltr'><em>Asia</em></span> <span class='ocrx_word' id='word_1_109' title='bbox 786 1309 959 1366; x_wconf 84' lang='lat' dir='ltr'><em>renouatum</em></span> <span class='ocrx_word' id='word_1_110' title='bbox 973 1301 1116 1368; x_wconf 87' lang='lat' dir='ltr'><em>continet.</em></span> <span class='ocrx_word' id='word_1_111' title='bbox 1202 1301 1204 1310; x_wconf 80' lang='grc'>’</span> 
     </span>
    </p>
   </div>
   <div class='ocr_carea' id='block_1_3' title="bbox 478 1470 832 1558">
    <p class='ocr_par' dir='ltr' id='par_1_3' title="bbox 478 1470 832 1558">
     <span class='ocr_line' id='line_1_14' title="bbox 478 1470 832 1558; baseline 0 -3"><span class='ocrx_word' id='word_1_112' title='bbox 478 1499 483 1506; x_wconf 90' lang='grc'><strong><em>·</em></strong></span> <span class='ocrx_word' id='word_1_113' title='bbox 562 1470 832 1558; x_wconf 81' lang='lat' dir='ltr'>LXXXVII.</span> 
     </span>
    </p>
   </div>
   <div class='ocr_carea' id='block_1_4' title="bbox 166 1623 1227 1981">
    <p class='ocr_par' dir='ltr' id='par_1_4' title="bbox 166 1623 1227 1981">
     <span class='ocr_line' id='line_1_15' title="bbox 209 1623 1226 1711; baseline 0 -21"><span class='ocrx_word' id='word_1_114' title='bbox 209 1623 297 1690; x_wconf 84' lang='lat' dir='ltr'><em>Sulla</em></span> <span class='ocrx_word' id='word_1_115' title='bbox 313 1625 347 1689; x_wconf 89' lang='lat' dir='ltr'><em>C.</em></span> <span class='ocrx_word' id='word_1_116' title='bbox 361 1624 513 1701; x_wconf 88' lang='lat' dir='ltr'><em>Marium,</em></span> <span class='ocrx_word' id='word_1_117' title='bbox 529 1625 662 1688; x_wconf 73' lang='lat' dir='ltr'><em>exercitu</em></span> <span class='ocrx_word' id='word_1_118' title='bbox 676 1623 740 1707; x_wconf 85' lang='lat' dir='ltr'><em>ejus</em></span> <span class='ocrx_word' id='word_1_119' title='bbox 748 1624 828 1709; x_wconf 77' lang='lat' dir='ltr'><em>juso</em></span> <span class='ocrx_word' id='word_1_120' title='bbox 842 1625 996 1708; x_wconf 84' lang='lat' dir='ltr'><em>deletoque</em></span> <span class='ocrx_word' id='word_1_121' title='bbox 1009 1625 1053 1689; x_wconf 84' lang='lat' dir='ltr'><em>ad</em></span> <span class='ocrx_word' id='word_1_122' title='bbox 1065 1623 1226 1711; x_wconf 81' lang='lat' dir='ltr'><em>Sacripor-</em></span> 
     </span>
     <span class='ocr_line' id='line_1_16' title="bbox 167 1708 1225 1794; baseline 0.002 -20"><span class='ocrx_word' id='word_1_123' title='bbox 167 1719 240 1787; x_wconf 85' lang='lat' dir='ltr'><em>tum,</em></span> <span class='ocrx_word' id='word_1_124' title='bbox 252 1711 287 1773; x_wconf 91' lang='lat' dir='ltr'><em>in</em></span> <span class='ocrx_word' id='word_1_125' title='bbox 297 1712 411 1794; x_wconf 81' lang='lat' dir='ltr'><em>oppido</em></span> <span class='ocrx_word' id='word_1_126' title='bbox 421 1709 579 1775; x_wconf 85' lang='lat' dir='ltr'><em>Prceneste</em></span> <span class='ocrx_word' id='word_1_127' title='bbox 589 1708 712 1774; x_wconf 80' lang='lat' dir='ltr'><em>obsedit.</em></span> <span class='ocrx_word' id='word_1_128' title='bbox 735 1710 836 1774; x_wconf 89' lang='lat' dir='ltr'><em>urbem</em></span> <span class='ocrx_word' id='word_1_129' title='bbox 844 1711 973 1775; x_wconf 89' lang='lat' dir='ltr'><em>Romam</em></span> <span class='ocrx_word' id='word_1_130' title='bbox 984 1731 1022 1777; x_wconf 84' lang='lat' dir='ltr'><em>ea</em></span> <span class='ocrx_word' id='word_1_131' title='bbox 1036 1711 1225 1777; x_wconf 84' lang='lat' dir='ltr'><em>inimicorum</em></span> 
     </span>
     <span class='ocr_line' id='line_1_17' title="bbox 166 1795 1226 1880; baseline 0.002 -20"><span class='ocrx_word' id='word_1_132' title='bbox 166 1795 303 1861; x_wconf 66' lang='lat' dir='ltr'><em>maribus</em></span> <span class='ocrx_word' id='word_1_133' title='bbox 315 1797 436 1880; x_wconf 87' lang='lat' dir='ltr'><em>recepit.</em></span> <span class='ocrx_word' id='word_1_134' title='bbox 480 1795 618 1860; x_wconf 87' lang='lat' dir='ltr'><em>Marium</em></span> <span class='ocrx_word' id='word_1_135' title='bbox 629 1817 785 1880; x_wconf 86' lang='lat' dir='ltr'><em>erumpere</em></span> <span class='ocrx_word' id='word_1_136' title='bbox 793 1805 958 1862; x_wconf 87' lang='lat' dir='ltr'><em>tentantem</em></span> <span class='ocrx_word' id='word_1_137' title='bbox 970 1797 1092 1880; x_wconf 71' lang='lat' dir='ltr'><em>repulit</em></span> <span class='ocrx_word' id='word_1_138' title='bbox 1134 1799 1226 1864; x_wconf 86' lang='lat' dir='ltr'><em>Prae·</em></span> 
     </span>
     <span class='ocr_line' id='line_1_18' title="bbox 168 1881 1227 1981; baseline 0.004 -35"><span class='ocrx_word' id='word_1_139' title='bbox 168 1891 254 1981; x_wconf 73' lang='lat' dir='ltr'><em>terea</em></span> <span class='ocrx_word' id='word_1_140' title='bbox 268 1903 351 1946; x_wconf 85' lang='lat' dir='ltr'><em>resa</em></span> <span class='ocrx_word' id='word_1_141' title='bbox 366 1884 477 1970; x_wconf 85' lang='lat' dir='ltr'><em>legatis</em></span> <span class='ocrx_word' id='word_1_142' title='bbox 491 1881 562 1968; x_wconf 65' lang='lat' dir='ltr'><em>p&#39;us,</em></span> <span class='ocrx_word' id='word_1_143' title='bbox 576 1884 680 1947; x_wconf 81' lang='lat' dir='ltr'><em>eadem</em></span> <span class='ocrx_word' id='word_1_144' title='bbox 694 1881 804 1967; x_wconf 77' lang='lat' dir='ltr'><em>ubique</em></span> <span class='ocrx_word' id='word_1_145' title='bbox 811 1884 948 1969; x_wconf 83' lang='lat' dir='ltr'><em>fortuna</em></span> <span class='ocrx_word' id='word_1_146' title='bbox 957 1885 1109 1968; x_wconf 86' lang='lat' dir='ltr'><em>portium,</em></span> <span class='ocrx_word' id='word_1_147' title='bbox 1122 1895 1227 1972; x_wconf 81' lang='lat' dir='ltr'><em>gestas</em></span> 
     </span>
    </p>
   </div>
   <div class='ocr_carea' id='block_1_5' title="bbox 165 1977 837 2175">
    <p class='ocr_par' dir='ltr' id='par_1_5' title="bbox 165 1977 837 2175">
     <span class='ocr_line' id='line_1_19' title="bbox 165 1977 374 2036; baseline 0.005 -3"><span class='ocrx_word' id='word_1_148' title='bbox 165 1977 307 2036; x_wconf 74' lang='lat' dir='ltr'><em>conarer.</em></span> <span class='ocrx_word' id='word_1_149' title='bbox 370 1977 374 1984; x_wconf 73' lang='grc'><em>’</em></span> 
     </span>
     <span class='ocr_line' id='line_1_20' title="bbox 542 2087 837 2175; baseline 0.003 -2"><span class='ocrx_word' id='word_1_150' title='bbox 542 2087 837 2175; x_wconf 83' lang='lat' dir='ltr'>LXXXVIH.</span> 
     </span>
    </p>
   </div>
   <div class='ocr_carea' id='block_1_6' title="bbox 164 2247 1227 3634">
    <p class='ocr_par' dir='ltr' id='par_1_6' title="bbox 164 2247 1227 3634">
     <span class='ocr_line' id='line_1_21' title="bbox 212 2247 1226 2334; baseline 0 -20"><span class='ocrx_word' id='word_1_151' title='bbox 212 2247 300 2314; x_wconf 87' lang='lat' dir='ltr'><em>Sulla</em></span> <span class='ocrx_word' id='word_1_152' title='bbox 315 2249 494 2326; x_wconf 83' lang='lat' dir='ltr'><em>Carbonem,</em></span> <span class='ocrx_word' id='word_1_153' title='bbox 508 2247 677 2316; x_wconf 66' lang='lat' dir='ltr'><em>23caercitu</em></span> <span class='ocrx_word' id='word_1_154' title='bbox 698 2249 762 2334; x_wconf 74' lang='lat' dir='ltr'><em>ejus</em></span> <span class='ocrx_word' id='word_1_155' title='bbox 769 2249 850 2334; x_wconf 84' lang='lat' dir='ltr'><em>fuso</em></span> <span class='ocrx_word' id='word_1_156' title='bbox 871 2251 1079 2327; x_wconf 73' lang='lat' dir='ltr'><em>auctuum,</em></span> <span class='ocrx_word' id='word_1_157' title='bbox 1098 2250 1141 2314; x_wconf 81' lang='lat' dir='ltr'><em>ud</em></span> <span class='ocrx_word' id='word_1_158' title='bbox 1162 2249 1226 2316; x_wconf 85' lang='lat' dir='ltr'><em>Fa-</em></span> 
     </span>
     <span class='ocr_line' id='line_1_22' title="bbox 166 2335 1226 2422; baseline 0.002 -23"><span class='ocrx_word' id='word_1_159' title='bbox 166 2335 300 2400; x_wconf 81' lang='lat' dir='ltr'><em>ventiam</em></span> <span class='ocrx_word' id='word_1_160' title='bbox 312 2335 547 2422; x_wconf 80' lang='lat' dir='ltr'><em>Fidentiamque</em></span> <span class='ocrx_word' id='word_1_161' title='bbox 566 2358 652 2414; x_wconf 73' lang='lat' dir='ltr'><em>creso,</em></span> <span class='ocrx_word' id='word_1_162' title='bbox 672 2336 773 2402; x_wconf 87' lang='lat' dir='ltr'><em>ltalia</em></span> <span class='ocrx_word' id='word_1_163' title='bbox 796 2338 930 2420; x_wconf 79' lang='lat' dir='ltr'><em>eapulit:</em></span> <span class='ocrx_word' id='word_1_164' title='bbox 952 2338 1017 2400; x_wconf 85' lang='lat' dir='ltr'><em>cum</em></span> <span class='ocrx_word' id='word_1_165' title='bbox 1031 2337 1226 2414; x_wconf 85' lang='lat' dir='ltr'><em>Samnitibus,</em></span> 
     </span>
     <span class='ocr_line' id='line_1_23' title="bbox 209 2417 1226 2507; baseline -0.001 -20"><span class='ocrx_word' id='word_1_166' title='bbox 209 2422 224 2487; x_wconf 86' lang='lat' dir='ltr'><em>i</em></span> <span class='ocrx_word' id='word_1_167' title='bbox 232 2423 292 2488; x_wconf 90' lang='lat' dir='ltr'><em>soli</em></span> <span class='ocrx_word' id='word_1_168' title='bbox 305 2445 343 2486; x_wconf 84' lang='lat' dir='ltr'><em>ea</em></span> <span class='ocrx_word' id='word_1_169' title='bbox 355 2422 479 2488; x_wconf 85' lang='lat' dir='ltr'><em>Italicis</em></span> <span class='ocrx_word' id='word_1_170' title='bbox 486 2423 613 2507; x_wconf 88' lang='lat' dir='ltr'><em>papulis</em></span> <span class='ocrx_word' id='word_1_171' title='bbox 626 2417 763 2486; x_wconf 77' lang='lat' dir='ltr'><em>‘noudum</em></span> <span class='ocrx_word' id='word_1_172' title='bbox 778 2444 866 2486; x_wconf 87' lang='lat' dir='ltr'><em>arma</em></span> <span class='ocrx_word' id='word_1_173' title='bbox 879 2421 1160 2507; x_wconf 77' lang='lat' dir='ltr'><em>posuerant,jrmta</em></span> <span class='ocrx_word' id='word_1_174' title='bbox 1175 2445 1226 2485; x_wconf 92' lang='lat' dir='ltr'><em>ur·</em></span> 
     </span>
     <span class='ocr_line' id='line_1_24' title="bbox 187 2507 1227 2592; baseline -0.002 -20"><span class='ocrx_word' id='word_1_175' title='bbox 187 2529 231 2572; x_wconf 89' lang='lat' dir='ltr'><em>em</em></span> <span class='ocrx_word' id='word_1_176' title='bbox 248 2507 414 2574; x_wconf 83' lang='lat' dir='ltr'><em>Romanam</em></span> <span class='ocrx_word' id='word_1_177' title='bbox 430 2517 641 2592; x_wconf 84' lang='lat' dir='ltr'><em>antepartum</em></span> <span class='ocrx_word' id='word_1_178' title='bbox 659 2507 808 2574; x_wconf 85' lang='lat' dir='ltr'><em>Collinam</em></span> <span class='ocrx_word' id='word_1_179' title='bbox 830 2507 1010 2572; x_wconf 82' lang='lat' dir='ltr'><em>debellavit.-</em></span> <span class='ocrx_word' id='word_1_180' title='bbox 1032 2512 1227 2591; x_wconf 86' lang='lat' dir='ltr'><em>recuperata·</em></span> 
     </span>
     <span class='ocr_line' id='line_1_25' title="bbox 167 2595 1227 2680; baseline 0.001 -23"><span class='ocrx_word' id='word_1_181' title='bbox 167 2615 226 2680; x_wconf 79' lang='lat' dir='ltr'><em>que</em></span> <span class='ocrx_word' id='word_1_182' title='bbox 246 2595 411 2678; x_wconf 87' lang='lat' dir='ltr'><em>republica,</em></span> <span class='ocrx_word' id='word_1_183' title='bbox 419 2596 656 2678; x_wconf 80' lang='lat' dir='ltr'><em>pulcherrimum</em></span> <span class='ocrx_word' id='word_1_184' title='bbox 678 2595 838 2660; x_wconf 82' lang='lat' dir='ltr'><em>victoriam</em></span> <span class='ocrx_word' id='word_1_185' title='bbox 857 2595 1047 2670; x_wconf 83' lang='lat' dir='ltr'><em>cmcdelitate,</em></span> <span class='ocrx_word' id='word_1_186' title='bbox 1062 2599 1177 2679; x_wconf 88' lang='lat' dir='ltr'><em>quanto</em></span> <span class='ocrx_word' id='word_1_187' title='bbox 1193 2596 1227 2658; x_wconf 88' lang='lat' dir='ltr'><em>im</em></span> 
     </span>
     <span class='ocr_line' id='line_1_26' title="bbox 165 2678 1227 2766; baseline 0.001 -23"><span class='ocrx_word' id='word_1_188' title='bbox 165 2681 251 2744; x_wconf 87' lang='lat' dir='ltr'><em>nullo</em></span> <span class='ocrx_word' id='word_1_189' title='bbox 260 2681 411 2745; x_wconf 85' lang='lat' dir='ltr'><em>bominum</em></span> <span class='ocrx_word' id='word_1_190' title='bbox 412 2681 496 2766; x_wconf 74' lang='lat' dir='ltr'><em>ficit,</em></span> <span class='ocrx_word' id='word_1_191' title='bbox 510 2683 695 2766; x_wconf 83' lang='lat' dir='ltr'><em>inquinavit.</em></span> <span class='ocrx_word' id='word_1_192' title='bbox 741 2679 817 2746; x_wconf 91' lang='lat' dir='ltr'><em>Octo</em></span> <span class='ocrx_word' id='word_1_193' title='bbox 827 2681 925 2744; x_wconf 88' lang='lat' dir='ltr'><em>millia</em></span> <span class='ocrx_word' id='word_1_194' title='bbox 939 2678 966 2718; x_wconf 79' lang='lat'><em>²⁴</em></span> <span class='ocrx_word' id='word_1_195' title='bbox 975 2683 1144 2746; x_wconf 86' lang='lat' dir='ltr'><em>deditorum</em></span> <span class='ocrx_word' id='word_1_196' title='bbox 1158 2679 1184 2720; x_wconf 81' lang='lat'><em>²⁵</em></span> <span class='ocrx_word' id='word_1_197' title='bbox 1194 2683 1227 2744; x_wconf 88' lang='lat' dir='ltr'><em>iu</em></span> 
     </span>
     <span class='ocr_line' id='line_1_27' title="bbox 165 2766 1227 2851; baseline -0.002 -19"><span class='ocrx_word' id='word_1_198' title='bbox 165 2766 244 2832; x_wconf 79' lang='lat' dir='ltr'><em>uilla</em></span> <span class='ocrx_word' id='word_1_199' title='bbox 252 2767 570 2850; x_wconf 81' lang='lat' dir='ltr'><em>publicutmccidanit:</em></span> <span class='ocrx_word' id='word_1_200' title='bbox 592 2768 727 2832; x_wconf 89' lang='lat' dir='ltr'><em>tabulam</em></span> <span class='ocrx_word' id='word_1_201' title='bbox 737 2769 976 2851; x_wconf 86' lang='lat' dir='ltr'><em>proscriptionis</em></span> <span class='ocrx_word' id='word_1_202' title='bbox 980 2770 1103 2850; x_wconf 83' lang='lat' dir='ltr'><em>posuit.-</em></span> <span class='ocrx_word' id='word_1_203' title='bbox 1125 2767 1227 2831; x_wconf 85' lang='lat' dir='ltr'><em>urbem</em></span> 
     </span>
     <span class='ocr_line' id='line_1_28' title="bbox 164 2854 1227 2938; baseline -0.002 -23"><span class='ocrx_word' id='word_1_204' title='bbox 164 2873 204 2916; x_wconf 89' lang='lat' dir='ltr'><em>ac</em></span> <span class='ocrx_word' id='word_1_205' title='bbox 217 2861 310 2917; x_wconf 88' lang='lat' dir='ltr'><em>totam</em></span> <span class='ocrx_word' id='word_1_206' title='bbox 326 2854 452 2918; x_wconf 89' lang='lat' dir='ltr'><em>ltaliam</em></span> <span class='ocrx_word' id='word_1_207' title='bbox 466 2854 595 2919; x_wconf 83' lang='lat' dir='ltr'><em>caerlibus</em></span> <span class='ocrx_word' id='word_1_208' title='bbox 609 2855 753 2938; x_wconf 78' lang='lat' dir='ltr'><em>replevit:</em></span> <span class='ocrx_word' id='word_1_209' title='bbox 776 2856 857 2918; x_wconf 89' lang='lat' dir='ltr'><em>inter</em></span> <span class='ocrx_word' id='word_1_210' title='bbox 878 2875 954 2938; x_wconf 76' lang='lat' dir='ltr'><em>quas</em></span> <span class='ocrx_word' id='word_1_211' title='bbox 972 2869 1070 2918; x_wconf 86' lang='lat' dir='ltr'><em>amnes</em></span> <span class='ocrx_word' id='word_1_212' title='bbox 1088 2855 1227 2920; x_wconf 57' lang='lat' dir='ltr'><em>Fratres,</em></span> 
     </span>
     <span class='ocr_line' id='line_1_29' title="bbox 166 2939 1226 3024; baseline 0.004 -22"><span class='ocrx_word' id='word_1_213' title='bbox 166 2939 248 3003; x_wconf 89' lang='lat' dir='ltr'><em>tinas</em></span> <span class='ocrx_word' id='word_1_214' title='bbox 263 2941 390 3005; x_wconf 82' lang='lat' dir='ltr'><em>inermus</em></span> <span class='ocrx_word' id='word_1_215' title='bbox 404 2939 643 3024; x_wconf 77' lang='lat' dir='ltr'><em>&#39;concidijussits</em></span> <span class='ocrx_word' id='word_1_216' title='bbox 667 2940 815 3018; x_wconf 86' lang='lat' dir='ltr'><em>Marium,</em></span> <span class='ocrx_word' id='word_1_217' title='bbox 827 2941 979 3004; x_wconf 87' lang='lat' dir='ltr'><em>senatorii</em></span> <span class='ocrx_word' id='word_1_218' title='bbox 988 2941 1108 3004; x_wconf 84' lang='lat' dir='ltr'><em>ordinis</em></span> <span class='ocrx_word' id='word_1_219' title='bbox 1117 2941 1226 3017; x_wconf 84' lang='lat' dir='ltr'><em>airum,</em></span> 
     </span>
     <span class='ocr_line' id='line_1_30' title="bbox 164 3025 1227 3114; baseline 0.003 -26"><span class='ocrx_word' id='word_1_220' title='bbox 164 3025 303 3090; x_wconf 85' lang='lat' dir='ltr'><em>cruribus</em></span> <span class='ocrx_word' id='word_1_221' title='bbox 315 3026 503 3112; x_wconf 75' lang='lat' dir='ltr'><em>brachiisque</em></span> <span class='ocrx_word' id='word_1_222' title='bbox 503 3027 632 3114; x_wconf 78' lang='lat' dir='ltr'><em>fractis,</em></span> <span class='ocrx_word' id='word_1_223' title='bbox 642 3027 764 3090; x_wconf 85' lang='lat' dir='ltr'><em>auribus</em></span> <span class='ocrx_word' id='word_1_224' title='bbox 772 3027 941 3109; x_wconf 79' lang='lat' dir='ltr'><em>praesectis,</em></span> <span class='ocrx_word' id='word_1_225' title='bbox 954 3035 983 3089; x_wconf 95' lang='lat' dir='ltr'><em>et</em></span> <span class='ocrx_word' id='word_1_226' title='bbox 998 3025 1109 3112; x_wconf 64' lang='lat' dir='ltr'><em>effossis</em></span> <span class='ocrx_word' id='word_1_227' title='bbox 1122 3030 1227 3104; x_wconf 88' lang='lat' dir='ltr'><em>oeulis,</em></span> 
     </span>
     <span class='ocr_line' id='line_1_31' title="bbox 167 3111 1226 3194; baseline 0 -20"><span class='ocrx_word' id='word_1_228' title='bbox 167 3113 295 3176; x_wconf 75' lang='lat' dir='ltr'><em>uomit.</em></span> <span class='ocrx_word' id='word_1_229' title='bbox 340 3114 376 3177; x_wconf 88' lang='lat' dir='ltr'><em>C.</em></span> <span class='ocrx_word' id='word_1_230' title='bbox 391 3113 527 3190; x_wconf 87' lang='lat' dir='ltr'><em>Marius,</em></span> <span class='ocrx_word' id='word_1_231' title='bbox 551 3115 697 3178; x_wconf 87' lang='lat' dir='ltr'><em>Premcste</em></span> <span class='ocrx_word' id='word_1_232' title='bbox 718 3113 850 3178; x_wconf 70' lang='lat' dir='ltr'><em>obsessas</em></span> <span class='ocrx_word' id='word_1_233' title='bbox 870 3111 926 3174; x_wconf 59' lang='grc' dir='ltr'><em>’δα</em></span> <span class='ocrx_word' id='word_1_234' title='bbox 942 3111 1087 3176; x_wconf 88' lang='lat' dir='ltr'><em>Lucretio</em></span> <span class='ocrx_word' id='word_1_235' title='bbox 1112 3111 1226 3194; x_wconf 70' lang='lat' dir='ltr'><em>Ofella,</em></span> 
     </span>
     <span class='ocr_line' id='line_1_32' title="bbox 166 3197 1227 3282; baseline -0.003 -19"><span class='ocrx_word' id='word_1_236' title='bbox 166 3197 365 3263; x_wconf 82' lang='lat' dir='ltr'><em>Sullanarum</em></span> <span class='ocrx_word' id='word_1_237' title='bbox 382 3201 521 3282; x_wconf 88' lang='lat' dir='ltr'><em>partium</em></span> <span class='ocrx_word' id='word_1_238' title='bbox 542 3200 616 3274; x_wconf 84' lang='lat' dir='ltr'><em>niro,</em></span> <span class='ocrx_word' id='word_1_239' title='bbox 637 3219 725 3282; x_wconf 81' lang='lat' dir='ltr'><em>quum</em></span> <span class='ocrx_word' id='word_1_240' title='bbox 735 3220 795 3281; x_wconf 89' lang='lat' dir='ltr'><em>per</em></span> <span class='ocrx_word' id='word_1_241' title='bbox 809 3199 976 3260; x_wconf 88' lang='lat' dir='ltr'><em>cuniculum</em></span> <span class='ocrx_word' id='word_1_242' title='bbox 994 3206 1138 3282; x_wconf 84' lang='lat' dir='ltr'><em>captaret</em></span> <span class='ocrx_word' id='word_1_243' title='bbox 1158 3219 1227 3262; x_wconf 84' lang='lat' dir='ltr'><em>eva-</em></span> 
     </span>
     <span class='ocr_line' id='line_1_33' title="bbox 165 3283 1227 3366; baseline -0.001 -18"><span class='ocrx_word' id='word_1_244' title='bbox 165 3285 249 3360; x_wconf 85' lang='lat' dir='ltr'><em>dere,</em></span> <span class='ocrx_word' id='word_1_245' title='bbox 264 3293 364 3366; x_wconf 80' lang='lat' dir='ltr'><em>septus</em></span> <span class='ocrx_word' id='word_1_246' title='bbox 374 3283 413 3348; x_wconf 87' lang='lat' dir='ltr'><em>ab</em></span> <span class='ocrx_word' id='word_1_247' title='bbox 424 3287 568 3362; x_wconf 72' lang='lat' dir='ltr'><em>exercitu,</em></span> <span class='ocrx_word' id='word_1_248' title='bbox 585 3283 611 3326; x_wconf 79' lang='lat'><em>²⁷</em></span> <span class='ocrx_word' id='word_1_249' title='bbox 620 3295 741 3348; x_wconf 86' lang='lat' dir='ltr'><em>mortem</em></span> <span class='ocrx_word' id='word_1_250' title='bbox 752 3283 811 3348; x_wconf 82' lang='lat' dir='ltr'><em>sibi</em></span> <span class='ocrx_word' id='word_1_251' title='bbox 823 3284 977 3348; x_wconf 85' lang='lat' dir='ltr'><em>conscivit.</em></span> <span class='ocrx_word' id='word_1_252' title='bbox 999 3283 1034 3345; x_wconf 83' lang='lat' dir='ltr'><em>id</em></span> <span class='ocrx_word' id='word_1_253' title='bbox 1047 3293 1100 3360; x_wconf 88' lang='lat' dir='ltr'><em>est,</em></span> <span class='ocrx_word' id='word_1_254' title='bbox 1113 3285 1147 3346; x_wconf 90' lang='lat' dir='ltr'><em>in</em></span> <span class='ocrx_word' id='word_1_255' title='bbox 1162 3285 1227 3365; x_wconf 89' lang='lat' dir='ltr'><em>ipso</em></span> 
     </span>
     <span class='ocr_line' id='line_1_34' title="bbox 165 3371 1227 3455; baseline -0.002 -21"><span class='ocrx_word' id='word_1_256' title='bbox 165 3371 312 3448; x_wconf 73' lang='lat' dir='ltr'><em>martialio,</em></span> <span class='ocrx_word' id='word_1_257' title='bbox 328 3392 417 3455; x_wconf 88' lang='lat' dir='ltr'><em>quum</em></span> <span class='ocrx_word' id='word_1_258' title='bbox 430 3373 556 3436; x_wconf 86' lang='lat' dir='ltr'><em>sentiret</em></span> <span class='ocrx_word' id='word_1_259' title='bbox 565 3393 598 3434; x_wconf 86' lang='lat' dir='ltr'><em>se</em></span> <span class='ocrx_word' id='word_1_260' title='bbox 611 3373 738 3434; x_wconf 72' lang='lat' dir='ltr'><em>madere</em></span> <span class='ocrx_word' id='word_1_261' title='bbox 751 3390 812 3432; x_wconf 88' lang='lat' dir='ltr'><em>nau</em></span> <span class='ocrx_word' id='word_1_262' title='bbox 820 3380 921 3454; x_wconf 86' lang='lat' dir='ltr'><em>posse,</em></span> <span class='ocrx_word' id='word_1_263' title='bbox 933 3390 998 3433; x_wconf 91' lang='lat' dir='ltr'><em>cum</em></span> <span class='ocrx_word' id='word_1_264' title='bbox 1011 3371 1127 3434; x_wconf 88' lang='lat' dir='ltr'><em>Pontia</em></span> <span class='ocrx_word' id='word_1_265' title='bbox 1141 3371 1227 3433; x_wconf 87' lang='lat' dir='ltr'><em>Tele·</em></span> 
     </span>
     <span class='ocr_line' id='line_1_35' title="bbox 167 3455 1227 3546; baseline -0.004 -24"><span class='ocrx_word' id='word_1_266' title='bbox 167 3456 246 3535; x_wconf 82' lang='lat' dir='ltr'><em>sina,</em></span> <span class='ocrx_word' id='word_1_267' title='bbox 261 3458 359 3543; x_wconf 72' lang='lat' dir='ltr'><em>flgae</em></span> <span class='ocrx_word' id='word_1_268' title='bbox 377 3460 494 3534; x_wconf 90' lang='lat' dir='ltr'><em>comite,</em></span> <span class='ocrx_word' id='word_1_269' title='bbox 517 3459 622 3522; x_wconf 90' lang='lat' dir='ltr'><em>stricta</em></span> <span class='ocrx_word' id='word_1_270' title='bbox 647 3458 798 3540; x_wconf 80' lang='lat' dir='ltr'><em>utrimque</em></span> <span class='ocrx_word' id='word_1_271' title='bbox 811 3456 931 3540; x_wconf 82' lang='lat' dir='ltr'><em>gladio,</em></span> <span class='ocrx_word' id='word_1_272' title='bbox 949 3455 1118 3519; x_wconf 82' lang='lat' dir='ltr'><em>concurrit:</em></span> <span class='ocrx_word' id='word_1_273' title='bbox 1141 3477 1227 3546; x_wconf 84' lang='lat' dir='ltr'><em>quem</em></span> 
     </span>
     <span class='ocr_line' id='line_1_36' title="bbox 166 3541 1227 3634; baseline -0.005 -25"><span class='ocrx_word' id='word_1_274' title='bbox 166 3563 256 3627; x_wconf 76' lang='lat' dir='ltr'><em>qaum</em></span> <span class='ocrx_word' id='word_1_275' title='bbox 270 3544 435 3620; x_wconf 85' lang='lat' dir='ltr'><em>accidisset,</em></span> <span class='ocrx_word' id='word_1_276' title='bbox 452 3545 517 3634; x_wconf 77' lang='lat' dir='ltr'><em>ipse</em></span> <span class='ocrx_word' id='word_1_277' title='bbox 527 3545 646 3608; x_wconf 88' lang='lat' dir='ltr'><em>saucius</em></span> <span class='ocrx_word' id='word_1_278' title='bbox 660 3541 828 3625; x_wconf 86' lang='lat' dir='ltr'><em>inpetrauit</em></span> <span class='ocrx_word' id='word_1_279' title='bbox 837 3563 858 3604; x_wconf 90' lang='lat' dir='ltr'><em>a</em></span> <span class='ocrx_word' id='word_1_280' title='bbox 872 3549 967 3621; x_wconf 79' lang='lat' dir='ltr'><em>seruo,</em></span> <span class='ocrx_word' id='word_1_281' title='bbox 978 3550 1010 3605; x_wconf 92' lang='lat' dir='ltr'><em>ut</em></span> <span class='ocrx_word' id='word_1_282' title='bbox 1025 3563 1056 3607; x_wconf 84' lang='lat' dir='ltr'><em>sa</em></span> <span class='ocrx_word' id='word_1_283' title='bbox 1070 3541 1227 3606; x_wconf 74' lang='lat' dir='ltr'><em>occideret.‘</em></span> 
     </span>
    </p>
   </div>
   <div class='ocr_carea' id='block_1_7' title="bbox 55 3693 1228 4418">
    <p class='ocr_par' dir='ltr' id='par_1_7' title="bbox 55 3693 1228 4418">
     <span class='ocr_line' id='line_1_37' title="bbox 201 3693 919 3762; baseline -0.003 -16"><span class='ocrx_word' id='word_1_284' title='bbox 201 3705 232 3746; x_wconf 72' lang='lat'><em>22</em></span> <span class='ocrx_word' id='word_1_285' title='bbox 249 3700 286 3746; x_wconf 81' lang='lat' dir='ltr'><em>Et</em></span> <span class='ocrx_word' id='word_1_286' title='bbox 306 3699 423 3762; x_wconf 74' lang='lat' dir='ltr'><em>suffragii</em></span> <span class='ocrx_word' id='word_1_287' title='bbox 437 3701 483 3760; x_wconf 80' lang='lat' dir='ltr'><em>jue</em></span> <span class='ocrx_word' id='word_1_288' title='bbox 502 3715 576 3758; x_wconf 87' lang='lat' dir='ltr'><em>nuper</em></span> <span class='ocrx_word' id='word_1_289' title='bbox 586 3693 681 3762; x_wconf 82' lang='lat' dir='ltr'><em>datum]</em></span> <span class='ocrx_word' id='word_1_290' title='bbox 713 3705 735 3744; x_wconf 73' lang='lat'><em>2.</em></span> <span class='ocrx_word' id='word_1_291' title='bbox 747 3697 919 3746; x_wconf 79' lang='lat' dir='ltr'><em>Anteuiuuia.</em></span> 
     </span>
     <span class='ocr_line' id='line_1_38' title="bbox 167 3759 1227 3826; baseline -0.002 -14"><span class='ocrx_word' id='word_1_292' title='bbox 167 3762 680 3826; x_wconf 69' lang='lat' dir='ltr'><em>vimnauso.aaepm1,xxxlv.uupru</em></span> <span class='ocrx_word' id='word_1_293' title='bbox 745 3767 776 3810; x_wconf 71' lang='lat'><em>26</em></span> <span class='ocrx_word' id='word_1_294' title='bbox 792 3763 818 3810; x_wconf 81' lang='grc' dir='ltr'><em>Α</em></span> <span class='ocrx_word' id='word_1_295' title='bbox 843 3763 960 3809; x_wconf 81' lang='lat' dir='ltr'><em>Lucretio</em></span> <span class='ocrx_word' id='word_1_296' title='bbox 984 3759 1072 3823; x_wconf 80' lang='lat' dir='ltr'><em>Ofella]</em></span> <span class='ocrx_word' id='word_1_297' title='bbox 1097 3762 1136 3810; x_wconf 83' lang='lat' dir='ltr'><em>Sic</em></span> <span class='ocrx_word' id='word_1_298' title='bbox 1157 3763 1227 3822; x_wconf 70' lang='lat' dir='ltr'><em>plane</em></span> 
     </span>
     <span class='ocr_line' id='line_1_39' title="bbox 201 3824 1227 3890; baseline -0.003 -14"><span class='ocrx_word' id='word_1_299' title='bbox 201 3835 232 3876; x_wconf 74' lang='lat'><em>23</em></span> <span class='ocrx_word' id='word_1_300' title='bbox 248 3830 369 3878; x_wconf 68' lang='lat' dir='ltr'><em>Exercitus</em></span> <span class='ocrx_word' id='word_1_301' title='bbox 378 3830 430 3890; x_wconf 77' lang='lat' dir='ltr'><em>ejus</em></span> <span class='ocrx_word' id='word_1_302' title='bbox 438 3830 499 3888; x_wconf 77' lang='lat' dir='ltr'><em>susa</em></span> <span class='ocrx_word' id='word_1_303' title='bbox 515 3829 549 3876; x_wconf 80' lang='lat' dir='ltr'><em>ud</em></span> <span class='ocrx_word' id='word_1_304' title='bbox 562 3824 681 3888; x_wconf 70' lang='lat' dir='ltr'><em>Clusium]</em></span> <span class='ocrx_word' id='word_1_305' title='bbox 714 3829 859 3887; x_wconf 73' lang='lat' dir='ltr'><em>campanus,</em></span> <span class='ocrx_word' id='word_1_306' title='bbox 878 3834 904 3873; x_wconf 81' lang='lat' dir='ltr'><em>et</em></span> <span class='ocrx_word' id='word_1_307' title='bbox 915 3826 976 3887; x_wconf 72' lang='lat' dir='ltr'><em>apud</em></span> <span class='ocrx_word' id='word_1_308' title='bbox 988 3827 1120 3874; x_wconf 78' lang='lat' dir='ltr'><em>Heurnium</em></span> <span class='ocrx_word' id='word_1_309' title='bbox 1135 3828 1227 3884; x_wconf 66' lang='lat' dir='ltr'><em>Pisum,</em></span> 
     </span>
     <span class='ocr_line' id='line_1_40' title="bbox 167 3891 1145 3954; baseline -0.003 -12"><span class='ocrx_word' id='word_1_310' title='bbox 167 3894 457 3944; x_wconf 73' lang='lat' dir='ltr'><em>lmemitflmnoviuex</em></span> <span class='ocrx_word' id='word_1_311' title='bbox 471 3894 562 3954; x_wconf 74' lang='lat' dir='ltr'><em>sliquos</em></span> <span class='ocrx_word' id='word_1_312' title='bbox 574 3893 643 3942; x_wconf 86' lang='lat' dir='ltr'>MSS.</span> <span class='ocrx_word' id='word_1_313' title='bbox 655 3891 681 3940; x_wconf 73' lang='lat' dir='ltr'><em>ei</em></span> <span class='ocrx_word' id='word_1_314' title='bbox 712 3907 748 3940; x_wconf 77' lang='lat' dir='ltr'><em>us.</em></span> <span class='ocrx_word' id='word_1_315' title='bbox 765 3892 957 3952; x_wconf 75' lang='lat' dir='ltr'><em>ReliquiAmlla·</em></span> <span class='ocrx_word' id='word_1_316' title='bbox 1024 3927 1026 3934; x_wconf 80' lang='grc'>.</span> <span class='ocrx_word' id='word_1_317' title='bbox 1062 3943 1065 3952; x_wconf 69' lang='grc'><em>,</em></span> <span class='ocrx_word' id='word_1_318' title='bbox 1142 3936 1145 3946; x_wconf 25' lang='grc' dir='ltr'><strong>Α</strong></span> 
     </span>
     <span class='ocr_line' id='line_1_41' title="bbox 746 3953 1228 4018; baseline 0 -14"><span class='ocrx_word' id='word_1_319' title='bbox 746 3965 777 4007; x_wconf 76' lang='lat'><em>27</em></span> <span class='ocrx_word' id='word_1_320' title='bbox 793 3958 898 4004; x_wconf 81' lang='lat' dir='ltr'><em>Martem</em></span> <span class='ocrx_word' id='word_1_321' title='bbox 915 3957 963 4003; x_wconf 72' lang='lat' dir='ltr'><em>:ibi</em></span> <span class='ocrx_word' id='word_1_322' title='bbox 985 3957 1124 4004; x_wconf 46' lang='lat' dir='ltr'><em>communit:¹</em></span> <span class='ocrx_word' id='word_1_323' title='bbox 1135 3957 1163 4004; x_wconf 77' lang='lat' dir='ltr'><em>iel</em></span> <span class='ocrx_word' id='word_1_324' title='bbox 1181 3953 1228 4018; x_wconf 73' lang='lat' dir='ltr'><em>eat]</em></span> 
     </span>
     <span class='ocr_line' id='line_1_42' title="bbox 201 4021 1228 4088; baseline -0.001 -17"><span class='ocrx_word' id='word_1_325' title='bbox 201 4030 232 4072; x_wconf 74' lang='lat'><em>2⁴</em></span> <span class='ocrx_word' id='word_1_326' title='bbox 249 4021 404 4088; x_wconf 70' lang='lat' dir='ltr'><em>Debitum]</em></span> <span class='ocrx_word' id='word_1_327' title='bbox 421 4025 500 4086; x_wconf 67' lang='lat' dir='ltr'><em>Mra&#39;m</em></span> <span class='ocrx_word' id='word_1_328' title='bbox 515 4024 617 4085; x_wconf 73' lang='lat' dir='ltr'><em>puwu</em></span> <span class='ocrx_word' id='word_1_329' title='bbox 627 4037 682 4076; x_wconf 80' lang='lat' dir='ltr'><em>cum</em></span> <span class='ocrx_word' id='word_1_330' title='bbox 714 4022 850 4070; x_wconf 74' lang='lat' dir='ltr'><em>Gronovius</em></span> <span class='ocrx_word' id='word_1_331' title='bbox 866 4022 924 4068; x_wconf 78' lang='lat' dir='ltr'><em>dnus</em></span> <span class='ocrx_word' id='word_1_332' title='bbox 938 4021 1037 4076; x_wconf 70' lang='lat' dir='ltr'><em>‚ultimus</em></span> <span class='ocrx_word' id='word_1_333' title='bbox 1056 4036 1124 4070; x_wconf 79' lang='lat' dir='ltr'><em>voces</em></span> <span class='ocrx_word' id='word_1_334' title='bbox 1141 4022 1228 4080; x_wconf 52' lang='lat' dir='ltr'><em>abacis</em></span> 
     </span>
     <span class='ocr_line' id='line_1_43' title="bbox 167 4085 1227 4152; baseline -0.004 -13"><span class='ocrx_word' id='word_1_335' title='bbox 167 4089 263 4139; x_wconf 67' lang='lat' dir='ltr'><em>nmmo</em></span> <span class='ocrx_word' id='word_1_336' title='bbox 278 4091 341 4152; x_wconf 71' lang='lat' dir='ltr'><em>apud</em></span> <span class='ocrx_word' id='word_1_337' title='bbox 356 4091 489 4144; x_wconf 72' lang='lat' dir='ltr'><em>Hmrnium</em></span> <span class='ocrx_word' id='word_1_338' title='bbox 505 4090 581 4145; x_wconf 68' lang='lat' dir='ltr'><em>lesere</em></span> <span class='ocrx_word' id='word_1_339' title='bbox 598 4089 682 4136; x_wconf 72' lang='lat' dir='ltr'><em>dedim-</em></span> <span class='ocrx_word' id='word_1_340' title='bbox 715 4102 744 4136; x_wconf 74' lang='lat' dir='ltr'><em>su</em></span> <span class='ocrx_word' id='word_1_341' title='bbox 762 4087 902 4148; x_wconf 73' lang='lat' dir='ltr'><em>quibusdum</em></span> <span class='ocrx_word' id='word_1_342' title='bbox 919 4085 1023 4145; x_wconf 63' lang='lat' dir='ltr'><em>scriptis,</em></span> <span class='ocrx_word' id='word_1_343' title='bbox 1053 4087 1104 4134; x_wconf 84' lang='lat' dir='ltr'><em>Nos</em></span> <span class='ocrx_word' id='word_1_344' title='bbox 1126 4087 1227 4135; x_wconf 73' lang='lat' dir='ltr'><em>libentes</em></span> 
     </span>
     <span class='ocr_line' id='line_1_44' title="bbox 166 4150 1227 4212; baseline -0.004 -8"><span class='ocrx_word' id='word_1_345' title='bbox 166 4155 266 4204; x_wconf 77' lang='lat' dir='ltr'><em>storum</em></span> <span class='ocrx_word' id='word_1_346' title='bbox 586 4203 588 4207; x_wconf 73' lang='grc'>,</span> <span class='ocrx_word' id='word_1_347' title='bbox 714 4151 882 4200; x_wconf 73' lang='lat' dir='ltr'><em>nmntucmur</em></span> <span class='ocrx_word' id='word_1_348' title='bbox 904 4150 1001 4206; x_wconf 72' lang='lat' dir='ltr'><em>sigonio</em></span> <span class='ocrx_word' id='word_1_349' title='bbox 1018 4153 1069 4200; x_wconf 77' lang='lat' dir='ltr'><em>haec</em></span> <span class='ocrx_word' id='word_1_350' title='bbox 1086 4153 1166 4200; x_wconf 77' lang='lat' dir='ltr'><em>omnis</em></span> <span class='ocrx_word' id='word_1_351' title='bbox 1186 4153 1227 4212; x_wconf 53' lang='lat' dir='ltr'><em>def,</em></span> 
     </span>
     <span class='ocr_line' id='line_1_45' title="bbox 200 4215 1228 4283; baseline 0.001 -16"><span class='ocrx_word' id='word_1_352' title='bbox 200 4226 232 4267; x_wconf 73' lang='lat'><em>25</em></span> <span class='ocrx_word' id='word_1_353' title='bbox 249 4220 347 4270; x_wconf 75' lang='lat' dir='ltr'><em>quillu</em></span> <span class='ocrx_word' id='word_1_354' title='bbox 359 4215 468 4283; x_wconf 81' lang='lat' dir='ltr'><em>publica]</em></span> <span class='ocrx_word' id='word_1_355' title='bbox 483 4219 581 4276; x_wconf 59' lang='lat' dir='ltr'><em>ausum</em></span> <span class='ocrx_word' id='word_1_356' title='bbox 591 4217 682 4279; x_wconf 77' lang='lat' dir='ltr'><em>sigonii</em></span> <span class='ocrx_word' id='word_1_357' title='bbox 714 4217 784 4276; x_wconf 80' lang='lat' dir='ltr'><em>lenti,</em></span> <span class='ocrx_word' id='word_1_358' title='bbox 805 4217 840 4264; x_wconf 74' lang='lat' dir='ltr'><em>itu</em></span> <span class='ocrx_word' id='word_1_359' title='bbox 859 4221 887 4264; x_wconf 83' lang='lat' dir='ltr'><em>ut</em></span> <span class='ocrx_word' id='word_1_360' title='bbox 901 4216 1008 4276; x_wconf 64' lang='lat' dir='ltr'><em>luuntur:</em></span> <span class='ocrx_word' id='word_1_361' title='bbox 1024 4224 1104 4280; x_wconf 71' lang='lat' dir='ltr'><em>septus</em></span> <span class='ocrx_word' id='word_1_362' title='bbox 1119 4219 1228 4278; x_wconf 52' lang='lat' dir='ltr'><em>alutem,</em></span> 
     </span>
     <span class='ocr_line' id='line_1_46' title="bbox 165 4280 1195 4346; baseline -0.007 -11"><span class='ocrx_word' id='word_1_363' title='bbox 165 4285 301 4338; x_wconf 59' lang='lat' dir='ltr'><em>sumtu..</em></span> <span class='ocrx_word' id='word_1_364' title='bbox 315 4287 370 4334; x_wconf 77' lang='lat' dir='ltr'><em>niu</em></span> <span class='ocrx_word' id='word_1_365' title='bbox 388 4285 524 4336; x_wconf 67' lang='lat' dir='ltr'><em>umoribus</em></span> <span class='ocrx_word' id='word_1_366' title='bbox 545 4283 682 4346; x_wconf 65' lang='lat' dir='ltr'><em>Augustino</em></span> <span class='ocrx_word' id='word_1_367' title='bbox 715 4280 1001 4344; x_wconf 61' lang='lat' dir='ltr'><em>ritminipmcuuicmlo.</em></span> <span class='ocrx_word' id='word_1_368' title='bbox 1082 4317 1088 4337; x_wconf 73' lang='lat'><em>,</em></span> <span class='ocrx_word' id='word_1_369' title='bbox 1138 4319 1143 4339; x_wconf 70' lang='lat'><em>,</em></span> <span class='ocrx_word' id='word_1_370' title='bbox 1183 4330 1195 4338; x_wconf 39' lang='grc' dir='ltr'>Η</span> 
     </span>
     <span class='ocr_line' id='line_1_47' title="bbox 55 4349 682 4418; baseline 0.002 -21"><span class='ocrx_word' id='word_1_371' title='bbox 55 4351 58 4356; x_wconf 87' lang='grc'><strong>“</strong></span> <span class='ocrx_word' id='word_1_372' title='bbox 166 4351 197 4397; x_wconf 76' lang='lat' dir='ltr'><em>de</em></span> <span class='ocrx_word' id='word_1_373' title='bbox 209 4351 391 4410; x_wconf 62' lang='lat' dir='ltr'><em>cinnam-111.</em></span> <span class='ocrx_word' id='word_1_374' title='bbox 406 4356 445 4418; x_wconf 74' lang='lat'><em>¹⁸!</em></span> <span class='ocrx_word' id='word_1_375' title='bbox 457 4356 483 4404; x_wconf 77' lang='lat' dir='ltr'><em>et</em></span> <span class='ocrx_word' id='word_1_376' title='bbox 493 4349 547 4398; x_wconf 75' lang='lat' dir='ltr'><em>vu.</em></span> <span class='ocrx_word' id='word_1_377' title='bbox 557 4349 623 4398; x_wconf 78' lang='lat' dir='ltr'><em>Mu.</em></span> <span class='ocrx_word' id='word_1_378' title='bbox 636 4349 682 4398; x_wconf 78' lang='lat' dir='ltr'><em>tx.</em></span> 
     </span>
    </p>
   </div>
   <div class='ocr_carea' id='block_1_8' title="bbox 0 0 1582 4984">
    <p class='ocr_par' dir='ltr' id='par_1_8' title="bbox 0 0 1582 4984">
     <span class='ocr_line' id='line_1_48' title="bbox 0 0 1582 4984; baseline 0 0"><span class='ocrx_word' id='word_1_379' title='bbox 0 0 1582 4984; x_wconf 95' lang='lat' dir='ltr'><em> </em></span> 
     </span>
    </p>
   </div>
  </div>
 </body>
</html>
