3056 4976
462 129 554 188 LIB.
583 130 666 190 xm.
693 129 795 190 CAP.
821 129 896 191 Xll.
1170 144 1209 196 ts

148 289 243 372 baut)
258 289 412 370 ludibriis,
431 314 511 358 nave
530 292 651 370 eadem,
674 315 738 379 qua
751 303 888 372 venerut,
906 293 1084 382 Aquileiam
1108 296 1211 364 rediit.
1221 317 1253 366 υ.
1261 317 1290 365 c.
1299 321 1364 366 ssa·

153 375 235 442 Inde
260 377 392 464 collegae
414 379 551 465 scripsit,
575 392 610 444 ut
635 381 769 446 militum
793 401 951 445 novorum
975 383 1003 444 ei
1026 382 1119 466 parti,
1138 382 1251 468 quaeA
1264 385 1291 430 ⁰·
1304 387 1357 432 ¹⁷⁷·

151 463 270 546 scripta
290 463 325 526 in
348 465 474 530 latriam
497 465 691 550 provinciam
714 479 803 544 esset,
819 467 967 547 ediceret,
983 467 1162 554 Aquileiam
1178 483 1214 534 ut

152 549 354 626 conveniret3
376 573 418 616 ue
464 551 518 616 uid
545 573 578 616 se
602 552 717 618 Romae
742 565 873 630 teneret,
899 575 964 636 quo
992 555 1107 629 minna,
1134 556 1214 620 votis
1312 555 1316 564 “

151 637 354 721 nuncupatis,
369 575 538 721 paludatus
551 637 594 703 ab
617 642 694 704 urbe
714 640 825 704 exiret.
872 639 955 704 Haec
977 639 1109 728 collegae
1122 641 1214 706 obse·

151 735 286 806 quenter
308 722 403 800 facta,
425 724 589 810 breviaque
612 725 680 790 dies
700 725 743 790 ad
763 725 1011 790 conveniendum
1036 728 1139 791 edicta
1155 739 1212 792 cat

150 806 305 873 Claudius
326 830 428 893 prope
449 825 636 876 consecutus
657 812 829 876 estliteras
850 833 933 876 suas.
978 812 1142 877 Concione
1159 815 1214 879 ads

150 894 278 958 veniens
292 894 333 960 da
348 895 476 962 Manlio
497 911 529 960 et
543 898 563 963 J
567 897 642 961 unio
663 897 782 974 habita,
798 919 863 962 nnn
887 897 970 962 ultra
992 899 1132 969 triduum
1145 923 1214 966 mc-

149 991 237 1046 ratus
254 981 383 1063 Rcmae‚
399 983 577 1067 paludatus,
593 1006 665 1048 cum
687 983 859 1061 lictoribus,
876 985 1019 1070 votisque
1032 985 1066 1047 in
1083 987 1213 1071 Capito·

149 1064 194 1130 lio
220 1071 422 1152 nuncupatis,
436 1070 469 1132 in
496 1070 701 1154 provinciam,
724 1071 851 1156 ⁴⁹aeque
874 1092 911 1134 ac
935 1073 1032 1154 priua,
1057 1073 1213 1156 praecipiti
1259 1077 1263 1085 '

149 1151 308 1218 celeritate
322 1155 397 1220 abit.

162 1241 163 1244 ’
194 1239 260 1304 ΧΙ.
284 1240 397 1306 Paucis
433 1254 506 1306 ante
534 1240 643 1305 diebus
672 1240 789 1306 Junius
818 1240 1023 1327 Manliusque
1058 1243 1211 1326 oppidum
1221 1259 1355 1308 Naessum

148 1324 380 1404 ”Nesattium
411 1349 475 1412 quo
498 1350 532 1390 se
557 1327 715 1411 principes
745 1326 899 1392 Istrorum
929 1343 961 1392 et
988 1329 1117 1414 regulus
1147 1324 1338 1412 ipse⁰¹⁸¹¹ffi¹¹a

150 1411 277 1496 AEpulo
305 1427 479 1496 receperat,
509 1435 630 1478 summa
652 1413 683 1476 vi
706 1412 940 1499 obpugnarunt.
987 1414 1036 1478 Ec
1060 1389 1368 1500 Claudiusffelf·⁰b⁸¹⁷v

149 1497 276 1564 duabus
291 1498 468 1579 legionibus
482 1501 571 1564 novis
593 1498 748 1579 adductis,
763 1515 867 1566 vetere
888 1501 1027 1566 exercitu
1049 1523 1122 1566 cum
1146 1503 1212 1570 suis

150 1584 287 1650 ducibus
311 1585 453 1664 dimisso,
476 1585 543 1670 ipse
566 1585 721 1669 oppidum
745 1586 955 1664 circumsedit,
978 1601 1011 1652 et
1033 1589 1134 1654 vineis
1157 1590 1212 1654 ob·

150 1692 296 1756 pugnare
320 1671 472 1737 intendit:
502 1693 691 1757 amnemque
717 1673 981 1756 praeterlluentcm
1008 1676 1133 1753 misnia,
1158 1679 1212 1762 qui

151 1771 183 1820 et
208 1756 427 1844 inpedimento
455 1758 712 1845 obpugnantibus
737 1771 815 1839 eret,
841 1773 872 1824 et
896 1761 1097 1845 aquationem
1125 1762 1214 1830 lstris

150 1844 325 1927 praebebat,
350 1845 523 1910 multorum
553 1845 675 1908 dierum
701 1865 797 1928 opere
824 1860 990 1930 exceptum
1016 1851 1100 1912 novo
1122 1847 1213 1912 alueo

119 2005 122 2010 ¹
148 1933 271 1996 avertit.
318 1931 367 1994 Ea
389 1953 438 1995 res
461 1930 610 1996 barbaros
631 1930 786 1996 miraculo
804 1933 918 1996 terruit
931 1933 1087 1998 abscisseu
1101 1947 1294 2020 aquaearuror
1307 1949 1374 2009 oppr-

148 2030 179 2080 et
203 2038 245 2081 ne
271 2029 338 2081 tum
354 2016 481 2104 quidem
505 2039 659 2080 memores
674 2019 770 2102 pacis,
787 2019 818 2082 in
839 2018 959 2083 caedem
972 2022 1152 2104 'conjugum
1174 2013 1341 2088 wormium.

146 2102 321 2168 liberorum
345 2104 442 2180 res·si;
466 2105 571 2181 etiam,
588 2117 624 2168 ut
640 2105 821 2188 spectaculo
842 2103 985 2169 hostibus
1003 2119 1071 2170 tam
1091 2105 1209 2172 foedum

149 2188 272 2254 facinus
301 2201 391 2266 meet
420 2190 524 2274 palam
552 2190 585 2254 in
624 2191 722 2254 muris
760 2190 932 2256 trucidatos
960 2192 1211 2276 praecipitabant

148 2275 238 2341 luter
263 2275 356 2342 simul
384 2277 664 2361 complorationem
689 2276 874 2340 feminarum
900 2283 1144 2362 puerorumque,
1171 2280 1212 2342 si·

149 2362 214 2430 mul
229 2360 398 2428 nefandam
419 2363 550 2440 coedem,
564 2363 693 2438 milites,
706 2361 890 2446 transgressi
906 2383 1044 2442 murum,
1057 2365 1211 2447 oppidum

149 2447 321 2514 intrarunt.
344 2450 433 2534 cujus
446 2450 531 2534 capti
545 2448 716 2513 tumultum
733 2461 768 2512 ut
781 2469 823 2511 ex
844 2449 958 2532 pavido
978 2447 1116 2514 clamore
1129 2449 1213 2536 fugi·-

147 2535 270 2600 entinm
292 2536 413 2620 accepit
436 2558 507 2612 rex,
529 2536 651 2620 trajecit
670 2533 757 2598 ferro
778 2549 897 2619 pectus,
920 2543 961 2598 n'e
975 2535 1062 2600 vivus
1082 2557 1212 2620 capere-

148 2633 217 2686 tur:
241 2622 338 2686 ceteri
362 2623 457 2706 capti,
478 2637 535 2686 aut
560 2622 665 2686 occisi.
708 2621 788 2686 Duo
810 2620 925 2686 deinde
949 2623 1075 2706 oppida,
1093 2621 1213 2688 Mutila

148 2719 179 2771 et
195 2709 340 2784 Faveria,
358 2709 386 2772 vi
410 2719 502 2793 capta
521 2720 553 2773 ct
577 2707 689 2772 deleta.
737 2708 861 2785 Praeda,
880 2720 914 2772 ut
938 2706 1088 2796 ingente
1112 2710 1210 2794 inopi,
1263 2725 1266 2731 '

148 2815 204 2878 spe
232 2795 334 2880 major
355 2793 424 2872 suit,
447 2807 478 2858 et
500 2796 602 2858 omma
627 2795 777 2860 militibus
796 2815 944 2860 concessa
959 2812 1014 2859 est.
1061 2795 1213 2882 Quinque

149 2880 250 2946 millia
264 2881 405 2965 capitum
427 2893 576 2946 sexcenta
597 2883 728 2969 triginta
747 2883 812 2946 duo
826 2883 885 2944 sub
900 2903 1019 2945 corona
1033 2882 1210 2948 venierunt.

147 2979 293 3032 auctores
322 2965 403 3032 belli·
415 2968 512 3054 virgis
542 2967 624 3043 caesi,
648 2981 679 3031 et
702 2968 803 3032 securi
827 2967 978 3052 percussi.
1023 2967 1115 3032 istria
1144 2981 1334 3047 totalstrlsps·
1350 2987 1373 3006 ··

146 3055 244 3118 trium
258 3053 451 3138 oppidorum
467 3053 591 3117 excidio
605 3065 636 3116 et
658 3068 761 3118 morte
776 3055 859 3141 regis
872 3068 984 3140 pacata
998 3069 1064 3119 est:
1086 3077 1209 3120 omnes-
1217 3051 1278 3098 ota.
1330 3081 1334 3090 ·

148 3163 211 3224 que
232 3139 375 3240 undique
389 3139 510 3227 prpuli,
524 3137 687 3204 obsidibus
707 3138 801 3221 datis,
825 3142 855 3204 in
879 3141 1032 3206 ditionem
1048 3155 1210 3207 venerunt

148 3227 217 3293 Sub
232 3227 334 3292 Istricr
350 3227 446 3292 finem
463 3226 537 3291 belli
551 3226 636 3310 apud
651 3227 786 3314 Ligures
800 3227 933 3292 concilia
950 3227 990 3292 de
1005 3227 1087 3292 bello
1102 3227 1211 3294 haberi

147 3335 198 3380 coe
225 3323 270 3378 ta.
334 3369 336 3376 ,
1168 3343 1170 3351 .

189 3335 275 3466 iifl.
298 3399 351 3464 Ti.
365 3398 517 3464 Claudius
528 3392 714 3484 proconsul,
727 3398 781 3486 qui
793 3411 914 3481 praetor
926 3400 1032 3482 priore
1043 3423 1129 3464 anno
1143 3403 1211 3464 fue·

147 3500 205 3564 rat,
222 3507 296 3551 curn
312 3485 463 3570 pracsidio
477 3484 609 3574 legionis
625 3489 717 3550 unius
734 3485 813 3549 Pisis
835 3499 981 3570 praeerat.
1004 3488 1092 3572 cujus
1114 3487 1211 3552 literis

147 3587 273 3638 senatus
289 3574 403 3636 certior
417 3571 527 3649 factae,
543 3596 594 3636 eas
609 3572 690 3655 ipsas
705 3571 810 3635 literas
825 3569 864 3634 ad
882 3572 919 3634 C.
937 3569 1107 3636 Claudiurn
1123 3577 1210 3657 (nam

147 3659 226 3724 alter
240 3659 354 3724 consul
366 3659 432 3744 jam
448 3659 480 3721 in
498 3655 677 3724 Sardiniam
695 3657 872 3744 trajecerat)
887 3656 1072 3722 deferendas
1088 3673 1210 3724 censet:

147 3759 178 3814 et
191 3747 302 3834 adjicit
315 3747 497 3820 decretum3
521 3747 662 3830 quoniam
677 3745 776 3808 Istria
792 3743 1110 3831 provinciacorffecta
1125 3755 1210 3824 esset,

415 3953 423 3962 μ
533 3897 661 3948 “alteim
672 3899 746 3946 Grau.
759 3899 828 3946 Creu.

177 4061 208 4106 49
224 4008 358 4118 AEqui·cc
374 4047 457 4113 prius]
474 4051 530 4098 Hoc
545 4051 661 4098 substitu-
694 4049 752 4096 bent
765 4047 917 4094 Nesattium.
951 4011 1036 4093 belim.
1049 4047 1064 4092 1.
1077 4047 1212 4108 lchcgr·

145 4122 194 4168 tam
210 4130 255 4180 est,
271 4123 374 4168 motare
384 4116 526 4174 Plcrabello,
537 4131 579 4178 pro
594 4127 662 4162 men·
694 4115 754 4162 Ant
765 4129 787 4160 c.
799 4121 822 4163 9·
839 4112 965 4160 mutandis
979 4125 1009 4160 cx
1023 4112 1100 4159 Plinio
1116 4117 1142 4160 et
1153 4113 1214 4184 l’to·¹

144 4186 199 4235 dass
213 4193 263 4236 vet.
278 4183 373 4234 codicis
393 4181 510 4242 scriptura
526 4195 594 4242 aque
612 4196 663 4228 aas
696 4181 778 4260 lenaeo
796 4191 883 4228 naman
900 4177 972 4236 buius
988 4177 1054 4224 arbit
1071 4178 1144 4258 iqisse
1160 4175 1213 4226 Ns-

139 4253 211 4367 dib,
220 4309 381 4377 Nesattium]
409 4312 518 4372 Plerique
541 4311 598 4360 editi
621 4313 662 4358 lra-
694 4252 804 4294 mmm.
