3042 4980
514 199 856 279 PRAEFATIO.
1093 199 1228 278 lxxxiii

135 427 250 502 quam
268 426 388 505 quum
406 399 562 482 Hernici
576 403 763 509 lugerent,
777 427 932 502 erupere
948 402 987 477 in
1001 425 1068 478 eos
1085 398 1233 486 coloni,

136 529 174 593 et
189 520 294 594 susos
311 517 352 594 in
368 517 553 617 trepidum
570 517 696 616 lugam
713 543 833 618 egere.
869 518 966 594 Sunt
981 525 1020 595 et
1037 515 1110 594 ulia
1127 541 1226 616 quae-

136 635 229 710 dam
240 635 340 726 loca,
358 659 442 736 quae
460 633 509 710 ab
525 631 609 708 aliis
626 633 686 708 rel
704 635 839 710 trustra
856 641 1013 723 tentata,
1033 631 1091 707 vel
1110 631 1229 708 omni-

134 773 187 824 no
199 749 462 852 praetermissa,
481 748 585 824 haud
603 737 845 848 improsperis
862 749 1019 825 sortasse
1036 749 1228 844 conjectu·-

134 863 186 940 ris
203 889 338 940 sanare
354 863 482 940 conati
498 887 640 940 sumus.
694 863 772 940 Sed
796 865 1005 941 consultius
1024 889 1107 940 esse
1124 860 1228 954 duci-

135 1005 221 1056 mus
238 980 422 1056 lectorem
439 977 515 1054 ed
505 1002 606 1079 rpsas
623 987 735 1054 notas
751 979 949 1056 remittere.

187 1095 291 1171 Illud
312 1095 529 1170 testandum
546 1093 816 1183 existimamus,
835 1121 1028 1225 nunquam
1053 1119 1124 1169 nos
1149 1102 1231 1168 tan-
1239 1120 1310 1235 surte
1294 1118 1391 1231 ιιιιιιι

134 1225 217 1289 tum
236 1210 469 1307 conjecturis
485 1209 622 1284 nostris
647 1208 833 1300 tribuisse,
853 1221 895 1286 ut
921 1236 985 1286 eas
1011 1210 1050 1284 in
1075 1200 1268 1286 cortex-⁰⁰
1216 1250 1339 1300 -ω,
1310 1190 1381 1232 ¹⁰³¹

135 1340 217 1403 tum
244 1325 541 1415 immitteremus,
568 1324 641 1400 nisi
666 1325 749 1400 illas
775 1335 841 1402 aut
873 1324 1096 1426 scriptorum
1123 1313 1382 1428 cudi-„¹¹1,‘¹'¹‘²‘²⁰‘l

135 1468 237 1531 cum,
265 1454 331 1518 aut
365 1441 572 1541 priscorum
603 1441 789 1518 editorum
823 1445 987 1518 firmaret
1012 1440 1257 1518 auctoritas.¹
1239 1394 1314 1493 ¹¹¹i¹i
1320 1441 1392 1491 ¹¹⁸¹

136 1561 287 1658 Magna
303 1583 397 1633 sane
416 1557 575 1657 ingenia,
594 1567 632 1632 et
648 1582 727 1632 non
742 1557 883 1688 injusta
901 1584 959 1634 sur
949 1558 1117 1634 fiducia
1142 1557 1230 1632 sub·
1239 1507 1384 1624 :dimid
1407 1537 1410 1548 ¹

134 1675 240 1764 nixa,
259 1684 426 1750 veterum
444 1672 594 1772 scriptis
611 1698 680 1772 pro
698 1674 776 1748 suis
793 1673 950 1750 licenter
965 1675 1177 1761 abutantur,
1195 1648 1315 1749 aare

136 1817 182 1868 ea
199 1816 265 1866 sus
284 1789 409 1887 deque
426 1796 586 1875 vertent,
605 1800 654 1875 et,
672 1787 861 1888 quidquid
882 1789 1090 1864 collibitum
1108 1789 1233 1864 animo

134 1905 260 1994 suerit,
278 1928 347 2004 pro
364 1901 520 2002 imperio
536 1901 655 1977 recidi
670 1901 844 1997 jubeant,
863 1903 1063 1994 immutari,
1082 1903 1234 2004 ablega·

134 2025 178 2114 ri,
208 2019 405 2097 innovari:
432 2018 537 2118 quod
563 2042 642 2093 ιιοιι
668 2015 726 2092 ita
748 2018 893 2118 pridem
919 2019 1128 2096 doctissimi
1154 2021 1233 2096 duo

132 2151 172 2216 et
188 2135 483 2236 ingeniosissimi
500 2133 577 2222 viri,
594 2134 690 2209 alter
706 2136 809 2233 apud
827 2135 991 2234 Anglos‚
1010 2135 1104 2212 alter
1120 2135 1234 2211 etiam

134 2251 343 2330 animosior
369 2249 471 2350 apud
496 2273 580 2336 nos,
599 2248 638 2323 in
660 2247 823 2324 Horatio
850 2251 933 2326 ausi
959 2261 1059 2330 sunt.
1111 2249 1234 2325 Nobis

133 2394 215 2446 non
233 2368 324 2443 licet
339 2389 424 2442 esse
440 2375 520 2439 tam
545 2363 705 2440 fortibus
730 2389 774 2438 ac
801 2365 972 2458 strenuis,
990 2388 1087 2466 quos
1113 2363 1234 2439 tenuis

135 2483 321 2562 doctrinm
348 2491 387 2556 et
413 2480 553 2578 ingenii
580 2505 677 2555 vena
705 2480 875 2578 prohibet
904 2481 1003 2556 altos
1033 2479 1235 2579 concipere

135 2601 301 2701 spiritus,
315 2606 355 2673 et
368 2623 391 2671 a
403 2595 628 2674 severiorum
642 2595 767 2695 legum
784 2595 1003 2696 p'raescripto
1022 2595 1233 2674 discedere.

134 2717 277 2816 Neque
296 2712 397 2788 enim
422 2711 651 2810 ignoramus,
670 2736 767 2810 quas
794 2712 961 2812 antiquis
986 2713 1233 2814 scriptoribus

115 2819 243 2908 'labes
269 2825 481 2928 asperserit,
498 2850 582 2925 quae
600 2825 774 2902 inusserit
791 2828 981 2928 stigmata,
1000 2830 1082 2904 haec
1108 2834 1234 2906 emen·
1346 2922 1350 2930 1

132 2945 258 3024 dandi
275 2941 426 3042 prurigo
441 2965 452 3033 ς
476 2966 548 3016 nec
566 2941 691 3016 minus
717 2955 853 3042 postea
873 2970 996 3044 operae
1013 2942 1233 3044 ponendum

133 3063 254 3138 luisse
272 3059 311 3133 in
328 3057 551 3136 revocandis
568 3057 618 3131 ad
637 3057 834 3135 sanitatem
850 3059 896 3136 iis
915 3086 1000 3165 quae
1017 3060 1242 3136 criticorum,
1257 3125 1260 3134 ,
1278 3071 1298 3116 ·.

132 3175 312 3270 audacia,
325 3195 441 3273 quam
451 3198 535 3272 quae
549 3172 782 3249 librariorum
794 3173 981 3276 imperitia
997 3188 1231 3276 peccaverat.
1262 3184 1265 3195 '
1369 3171 1372 3178 ’

133 3295 275 3392 Itaque
291 3291 390 3366 hanc
407 3287 519 3364 nobis
535 3287 654 3385 legem
672 3288 880 3378 sanximus,
900 3316 945 3365 ea
957 3299 1087 3367 nostra
1102 3290 1170 3365 suit
1194 3288 1234 3366 in

133 3408 339 3487 tractando
365 3403 461 3481 Livii
485 3411 668 3480 contextu
692 3395 898 3507 religio,ut
913 3431 992 3482 non
1008 3416 1156 3480 nostras
1173 3391 1248 3480 ιο(

32 3525 34 3558 ²
132 3527 227 3612 lum,
248 3523 318 3598 sed
336 3532 375 3598 et
391 3530 600 3597 ceterorum
618 3520 858 3614 conjecturas
876 3521 924 3595 ab
938 3544 997 3620 eo
1024 3531 1232 3595 removere-

134 3664 247 3730 musJ
273 3636 347 3715 nisi
371 3661 436 3712 eas
462 3636 569 3723 sorte,
588 3659 674 3740 quae
696 3660 813 3736 quum
840 3647 878 3710 et
903 3635 1119 3712 verisimiles
1144 3635 1231 3725 sint,

136 3762 173 3828 et
197 3749 351 3848 jamdiu
376 3746 527 3824 Livium
552 3747 795 3838 insedissent,
816 3749 998 3826 eliminari
1022 3775 1103 3827 non
1127 3761 1234 3849 pote·

136 3877 231 3956 rant,
251 3865 345 3965 quin
361 3874 493 3940 nostra
516 3862 671 3938 nimium
702 3889 726 3938 a
743 3863 879 3940 ceteri's
898 3865 1128 3965 discreparet
1152 3865 1237 3942 edi-¹

137 3982 202 4063 tio.
230 3981 315 4059 Sed
325 3991 407 4056 tum
424 4001 576 4108 quoque
589 3979 792 4057 lectorem
782 4005 822 4055 ιιι
838 3981 938 4056 notis
956 3982 1234 4092 admonuimus,

138 4097 396 4201 conjecturam
413 4093 460 4184 ei,
478 4119 558 4172 ιιοιι
575 4105 717 4172 certam
730 4094 827 4171 Livii
846 4121 999 4173 manum
1016 4098 1196 4176 exhiberi

187 4211 273 4291 Nec
308 4207 468 4312 piguit
467 4209 669 4290 levioribus
695 4236 848 4311 quoque
875 4212 982 4290 dictu
1016 4215 1137 4304 rebus,
1166 4215 1235 4290 sed

537 4325 545 4346 ⁸
672 4333 736 4402 rt
