3120 4984
444 199 664 290 ura'xrnr.
691 226 791 290 cnr.
813 227 924 295 xurv.
1174 235 1227 298 rr

143 390 260 458 talibus
278 395 318 460 de
332 392 461 471 ‚camin
477 415 547 479 quae
567 395 621 459 niu
644 392 770 480 querela
789 401 820 457 et
844 391 1086 476 espostulatt‘cne
1105 393 1353 481 dignitucmsl.

143 489 222 557 nent,
238 502 328 546 arma
341 481 465 564 capitis,
481 491 510 544 et
523 479 645 566 regibus
657 480 748 546 sociis
761 477 840 544 bella
852 479 990 628 {pertin
1152 487 1156 493 '
1216 477 1247 528 Δ
1259 477 1285 526 0·
1299 479 1353 528 ¹⁷¹·

185 564 318 631 XLIII.
343 559 429 632 Haec
443 565 563 631 dicenti
584 577 654 632 tum
680 564 831 630 adsensus
893 564 996 630 arcius
1017 575 1129 630 auctor
1149 564 1210 633 fuit

143 651 290 728 mittendi
313 650 450 717 Romam
476 651 583 740 legati,
606 669 705 739 quum
729 649 921 735 experienda
942 650 1050 715 omnia
1071 650 1113 716 cd
1134 650 1211 717 ulti·

142 757 242 816 mum,
259 737 323 804 nea'
336 738 665 824 prrtetermittendum‘¹
679 757 766 822 spem
784 736 880 801 ullam
896 736 1075 802 censuisset.
1122 735 1210 802 Reli-

140 844 205 910 qun
219 824 410 890 consultatio
423 836 501 901 eret,
518 845 656 909 quonam
671 823 769 888 modo
784 835 887 888 tutum
909 823 969 887 iter
992 823 1102 910 legatis
1117 833 1210 892 esset.

141 909 183 974 ud
208 910 242 974 id
286 933 361 975 uum
382 911 555 978 necessaria
579 909 691 996 petitio
710 907 911 975 induciarum
919 909 1095 987 uideretur,
1112 931 1210 996 cupe-

141 1007 252 1084 retque
316 996 430 1074 arcius,
447 1018 550 1083 neque
571 995 656 1060 aliud
677 996 848 1082 conloquio
871 996 1007 1080 petisset,
1025 1008 1155 1082 gravate
1176 1009 1209 1062 et

139 1079 209 1146 ⁴⁰in
235 1105 383 1170 magnam
433 1083 545 1148 retiam
570 1083 705 1170 petentia
729 1081 891 1146 concessit.
916 1080 997 1145 nihil
1022 1081 1108 1146 enim
1133 1083 1330 1150 satislndueie.

139 1181 288 1252 paratum
302 1168 343 1235 ud
364 1105 482 1234 belium
497 1168 531 1234 iu
544 1169 713 1256 presentia
727 1165 887 1233 habebant
903 1165 1053 1247 Romani,
1068 1188 1134 1232 nou
1149 1191 1206 1234 ex·

139 1254 286 1331 ercitum,
309 1276 375 1321 non
400 1253 534 1321 ducem:
561 1276 662 1342 quum
688 1253 821 1320 Perseus
846 1254 894 1340 (ni
907 1273 988 1355 'apes
1013 1275 1094 1318 vana
1116 1254 1206 1339 pacis

137 1340 488 1424 oboaecsssetconsilia)
505 1341 613 1407 omnia
626 1351 806 1426 praeparata
820 1352 914 1428 atque
934 1352 1089 1406 1nstructa
1108 1339 1208 1406 habe*

138 1440 198 1504 ret,
213 1441 246 1493 et
262 1451 321 1497 suo
335 1428 472 1492 maxime
494 1439 637 1513 tempore
657 1440 753 1514 atque
773 1426 879 1492 alieno
901 1425 1045 1492 hostibus
1066 1427 1206 1513 incipere

138 1511 257 1578 bellurn
274 1527 390 1600 posset.
433 1513 487 1578 Ab
502 1513 564 1579 hoc
578 1512 758 1601 conloquio,
773 1511 838 1578 fide
851 1511 1050 1579 induciarum
1065 1513 1205 1600 interpo-

137 1598 209 1678 situ,
224 1599 250 1640 ⁴¹
260 1599 355 1688 legati
371 1600 507 1665 Romani
521 1600 555 1663 in
572 1598 732 1665 Boeotinm
750 1599 925 1684 comparati
939 1612 1023 1665 sunt.
1067 1599 1118 1666 lbi
1134 1600 1203 1688 jam
1213 1613 1313 1662 nentia

138 1700 243 1752 motus
272 1698 417 1772 coeperat
444 1708 520 1763 esse,
545 1685 779 1752 discedentibus
806 1709 826 1750 a
855 1687 1003 1751 societate
1027 1685 1302 1754 communiamur

136 1771 264 1837 concilii
280 1771 467 1838 Boeotorum
483 1772 672 1860 quibusdam
691 1770 826 1857 populis,
841 1793 882 1836 ex
897 1794 961 1859 quo
982 1773 1204 1838 renunciatum

137 1872 217 1937 erat,
234 1857 432 1944 respondisse
452 1857 582 1948 legatos,
600 1859 831 1943 adpariturum,
846 1858 960 1945 quibus
1004 1858 1108 1944 opulis
1129 1881 1204 1945 pro·

138 1947 207 2031 prie
222 1947 401 2010 societatem
415 1967 487 2011 curu
502 1967 578 2032 rege
586 1945 681 2046 jungi
695 1943 915 2032 displicuisset.
961 1880 1061 2010 iiiimi
1076 1967 1096 2010 a
1109 1945 1212 2035 Chae-p

138 2053 237 2096 rouen
260 2032 367 2120 legati,
383 2030 499 2096 deinde
520 2053 537 2094 a
555 2031 686 2110 Thebis,
702 2031 735 2095 in
758 2032 826 2116 ipso
838 2030 960 2096 itinere
981 2029 1204 2113 obcurrerunt,

139 2117 344 2184 adfirmantes
359 2137 423 2181 nou
442 2115 619 2182 interfuisse
631 2141 675 2196 se,
691 2139 756 2204 quu
774 2118 905 2182 societas
920 2141 957 2183 ec
971 2115 1099 2184 decretu
1113 2135 1204 2199 esset,

137 2203 290 2270 concilio:
323 2204 404 2291 quis,
429 2203 536 2304 legun,
562 2203 651 2268 nullo
679 2204 712 2267 in
741 2203 911 2288 praesentia
939 2225 1092 2289 responso
1117 2204 1203 2284 dato,
1244 2247 1248 2254 ·

140 2290 327 2366 Chalcidem
341 2313 374 2354 se
388 2311 475 2377 sequr
484 2291 656 2377 jusserunt.
691 2287 811 2354 Thebis
825 2310 941 2376 magun
955 2289 1118 2354 contentio
1133 2301 1204 2357 orta

80 2379 84 2390 “
138 2390 205 2443 erat
219 2399 259 2442 ex
273 2377 336 2442 alio
350 2375 530 2442 certamine.
576 2373 720 2441 Comitiis
741 2375 899 2461 praetoriis
914 2373 1105 2440 Boeotorum
1120 2374 1204 2442 victa

138 2485 222 2614 Prm’
238 2464 387 2551 injuriam
401 2484 605 2548 persequens,
620 2472 727 2526 coactu
740 2459 942 2526 multitudine
952 2459 1115 2526 decretum
1129 2460 1204 2528 fecit

171 2549 270 2628 babis,
282 2571 323 2615 ne
335 2548 540 2615 Boeotarchae
553 2547 687 2613 urbibus
702 2546 926 2634 reciperentur.
950 2545 1084 2612 Fusules
1098 2547 1202 2614 Thes·

137 2636 206 2722 pias
220 2635 357 2702 universi
379 2635 616 2701 concesseruut:
639 2633 714 2699 inde
729 2632 861 2719 (recepti
883 2634 968 2700 enirn
990 2634 1057 2700 sine
1071 2647 1202 2701 cunctu-

136 2723 223 2788 tione
238 2724 341 2805 erant)
358 2721 573 2808 Thebas,jam
596 2720 725 2787 mutatis
747 2721 869 2800 animis,
884 2721 1022 2786 revocati
1038 2721 1202 2787 decretum

136 2807 267 2888 faciunt,
284 2821 321 2874 ut
334 2808 514 2890 duodecim,
529 2810 585 2895 qui
605 2807 721 2895 privati
735 2822 852 2872 coetum
867 2819 900 2874 et
912 2807 1083 2874 concilium
1097 2807 1200 2876 habu·

137 2897 241 2973 issent,
257 2895 367 2960 exsilio
381 2893 600 2960 multarentur.
621 2931 626 2962 t
644 2893 757 2960 Novus
772 2893 886 2960 deinde
900 2906 1021 2981 praetor
1032 2895 1211 2981 (Ismenias

137 2982 164 3046 is
185 2995 263 3060 erat,
279 2983 329 3046 vir
349 2981 466 3046 nobilis
488 3004 525 3046 ac
570 2982 672 3065 utens)
687 2981 829 3067 capitalis
850 3003 959 3068 poenae
982 2980 1125 3048 absentes
1146 3005 1200 3049 eos

136 3067 264 3134 decreto
288 3067 429 3133 damnet.
474 3003 658 3134 Chaihidem
682 3066 846 3155 fugerant3
872 3067 947 3132 iude
961 3067 1013 3132 -ad
1036 3068 1201 3135 Romanos

137 3153 298 3221 Larissam
322 3154 466 3240 proiecti,
481 3153 656 3220 ⁴’natussum
680 3175 753 3219 cum
778 3152 894 3218 Perseo
920 3153 1077 3220 societatis
1100 3155 1135 3219 in
1151 3155 1200 3221 Is-

136 3243 272 3306 meniam
301 3240 510 3307 contulerant.
554 3239 639 3306 ⁴‘En
666 3239 870 3305 contentione
895 3251 1000 3305 ortum
1028 3251 1199 3308 certamen.

135 3328 300 3416 utriusque
320 3340 425 3394 tamen
447 3327 546 3414 partis
568 3325 662 3414 legati
684 3326 725 3391 ad
742 3325 904 3391 Romanos
916 3339 1081 3405 venerunt,
1096 3337 1129 3392 et
1145 3349 1199 3394 ex·

132 3413 216 3480 sules
230 3429 487 3504 accusatoresque
501 3415 660 3490 Ismeniae,
676 3424 709 3478 et
724 3412 876 3478 Ismenius
890 3411 966 3498 ipse.
1002 3443 1003 3448 κ
1184 3493 1187 3502 1

175 3500 302 3569 XLIV.
333 3499 517 3584 thlcidem
545 3512 581 3566 ut
609 3511 739 3566 ventum
772 3510 829 3579 est,
858 3497 992 3565 aliarum
1022 3496 1197 3565 civitatium

464 3643 478 3684 t
485 3637 707 3702 proetcmlttcndurn
717 3637 792 3686 Grcn.
803 3637 872 3686 Creu.

165 3750 259 3800 40¹1„
282 3764 394 3814 magnam
412 3753 520 3813 puttam
537 3747 650 3816 perustis]
683 3752 746 3800 toret
761 3753 850 3801 oratius
869 3765 961 3800 eausam
974 3750 1101 3800 tultoectm
1112 3747 1199 3798 Perseo

133 3817 172 3865 lta
182 3822 212 3864 ut
221 3829 274 3871 rex,
285 3817 328 3876 qui
343 3817 440 3882 petebat
452 3817 570 3874 inducias,
580 3831 651 3878 mug-
680 3817 803 3867 rennuis.

132 3881 312 3994 mu...
326 3893 371 3943 ¹³³⁰
386 3880 417 3928 ¹³⁸
431 3882 550 3930 “m'‘
563 3882 650 3929 Μ’
681 3881 747 3994 ...⁴3
761 3881 1194 3997 duumuirum?
1226 3917 1231 3932 '

164 4009 196 4057 tl
213 4009 301 4071 Legctt
310 4007 414 4058 Rornae·
427 4011 455 4057 tn
464 4010 577 4057 Boectlnm
588 4023 648 4057 ccm-
679 4023 745 4066 mus,
754 4015 871 4070 tunquam
881 4011 946 4056 dicta
957 4012 987 4059 ab
996 4011 1119 4059 exsulum
1128 4015 1199 4062 Bocc-

126 4075 211 4136 pmtt
226 4072 293 4138 runt]
316 4072 414 4122 Vitium
435 4087 488 4122 esse
506 4075 601 4122 ridetur
621 4075 648 4120 in
681 4073 719 4120 tis.
752 4073 775 4120 ti
792 4087 881 4134 nempe
896 4073 1032 4134 significant
1047 4089 1077 4122 ex
1091 4081 1197 4126 'conten-

131 4141 205 4188 vcrbo
236 4140 372 4200 mparart
412 4139 484 4202 Legit
513 4139 649 4187 Gronovius
680 4139 813 4200 tionequae
829 4137 909 4184 iuuat
924 4138 988 4186 iuter
1004 4140 1069 4202 ipsos
1085 4147 1110 4189 et
1121 4143 1201 4191 Isme·
1287 4140 1291 4148 ‘

129 4204 242 4251 maeret.
570 4203 577 4239 ἰ
679 4203 747 4249 uiam
761 4204 791 4250 de
808 4201 922 4250 societate
938 4217 996 4251 cum
1007 4205 1198 4268 Pcrsso,ortum

164 4267 197 4316 ⁴2
215 4267 316 4316 cmm
341 4281 395 4316 eam
417 4269 503 4318 Peneo
525 4261 649 4332 amidam]
679 4262 1197 4336 certamen,quodeoeruperat,utipstsin

131 4331 235 4380 Videtur
248 4332 290 4380 hin
299 4333 416 4382 excidisse
430 4335 527 4396 aliquod
536 4334 648 4388 verbum,
679 4331 781 4380 exilium
790 4333 856 4380 suus
866 4343 963 4382 noeane
972 4335 1043 4382 iuret.

129 4396 203 4458 quale
212 4403 276 4446 estet
287 4397 360 4450 utu.
392 4399 431 4448 Sic
441 4397 507 4447 cuim
522 4397 649 4445 rotundior

722 4468 777 4525 rt
