3120 4984
429 209 525 269 nrn.
547 209 665 270 xn111.
696 179 799 270 car.
820 211 910 270 xrn.
1013 285 1016 293 ¹
1151 223 1209 282 rur

133 394 251 440 curam
291 371 446 438 raebebat.
468 375 501 438 iu
523 373 655 440 classem
677 373 764 440 mille
786 373 863 438 socii
885 373 1012 440 navales
1033 375 1118 440 cives
1141 377 1286 444 Ro-uc.
1299 393 1354 440 ssa

132 451 227 526 'muni
252 395 393 525 libertini
415 460 544 538 ordinis,
561 483 602 526 ex
624 459 715 526 ltalia
730 464 767 500 *¹¹
781 459 877 526 scribi
895 463 994 546 jussi3
1018 463 1152 530 totidem
1176 458 1355 530 utiam·

134 570 177 622 ex
195 545 307 612 Sicilia
321 547 550 612 scriberentur:
575 560 617 624 et,
632 546 684 612 cui
700 571 736 612 ea
758 547 922 631 provincia
941 550 1104 628 evenisset,
1120 573 1211 616 man·

135 633 265 712 datum,
278 645 315 699 ut
334 656 388 698 eos
409 635 443 698 iu
460 633 695 712 Macedoniam,
710 633 904 720 ubicumque
925 633 1035 702 classis
1050 652 1143 719 esset„
1155 637 1211 702 de·

134 720 315 806 portandos
329 731 463 784 curaret.
509 719 549 784 In
567 717 759 804 Hispaniam
783 719 843 784 tria
862 720 963 786 millia
982 722 1126 806 peditum
1144 724 1212 790 Ro-

134 829 308 872 manorum
324 807 357 870 in
373 808 640 893 supplementum,
653 807 784 871 trecenti
795 809 914 892 equites
925 808 1054 874 decreti.
1087 809 1212 876 Finitus

133 892 181 960 ibi
210 915 340 981 qnoque
365 894 399 958 in
424 893 566 981 legiones
591 893 728 958 militnm
755 915 917 968 numerus,
944 895 1089 978 peditum
1114 897 1213 984 quina

133 979 249 1058 millia,
265 980 386 1045 treceni
407 994 438 1044 et
460 979 592 1044 triceui⁰
606 981 735 1066 equites.
779 977 824 1042 Et
843 979 935 1042 sociis
958 981 1114 1066 imperare
1129 1006 1213 1067 prm·

130 1078 197 1145 tor,
214 1066 269 1132 cui
286 1065 447 1154 Hispania
466 1065 656 1144 obvenisset,
666 1066 772 1152 jussus
786 1078 924 1152 quatuor
941 1067 1041 1132 millia
1056 1069 1210 1156 pediturn,

133 1166 346 1228 ‚etumcentos
361 1153 492 1242 equites.
659 1167 662 1176 ’
1099 1225 1101 1230 ,

134 1315 138 1324 ,
176 1236 288 1306 XIII.
309 1241 389 1306 Nou
402 1262 473 1306 sum
488 1238 622 1318 nescius,
638 1237 681 1304 ab
694 1238 804 1324 eadem
825 1237 1037 1364 neglpgeutia,
1052 1264 1116 1327 qna
1130 1241 1211 1306 nihil

135 1327 230 1392 Deos
260 1326 451 1412 portendere
482 1325 579 1412 vulgo
607 1347 694 1390 nunc
727 1325 871 1402 credant,
933 1348 1038 1413 neque
1067 1327 1213 1393 nunciati

133 1411 350 1478 “admodum
367 1411 478 1478 nulla?
491 1411 639 1499 prodigia
653 1414 686 1476 in
707 1411 883 1496 publicum,
899 1434 1002 1499 neque
1026 1413 1060 1478 iu
1084 1415 1213 1480 annales

133 1499 264 1566 referri.
286 1512 428 1565 ceterum
453 1512 485 1564 et
499 1499 589 1575 mihi,
605 1511 741 1564 vetustas
763 1521 814 1562 res
838 1497 1000 1580 scribenti,
1021 1501 1213 1588 nescioquo

133 1600 246 1672 paeto,
272 1586 457 1672 ⁵8antiquus
483 1587 520 1650 lit
542 1586 683 1662 enimus3
708 1583 776 1649 ⁶⁷at
804 1587 949 1671 quadam
975 1583 1088 1676 religio
1117 1600 1212 1668 tenet,

134 1695 211 1759 quae
239 1669 285 1737 illi
307 1673 545 1756 prudentissimi
567 1672 627 1735 viri
651 1670 779 1760 publice
803 1673 1002 1758 suscipienda
1022 1678 1211 1754 censuerint,

135 1781 254 1846 eapro
268 1759 373 1847 dignis
387 1758 602 1844 habereque
617 1759 651 1822 in
667 1781 754 1823 meos
770 1757 1056 1824 annalesreferum.
1101 1761 1155 1826 An
1198 1779 1231 1812 -·

135 1846 190 1911 nia
214 1845 284 1910 duo
308 1846 457 1933 prodigia
478 1868 518 1910 eo
543 1867 629 1910 anno
652 1858 727 1910 sunt
748 1844 914 1924 nunciata3
946 1845 1046 1910 facem
1073 1847 1107 1912 in
1131 1785 1212 1914 odio
1223 1869 1342 1930 Prodigia.

136 1945 355 2018 conspectam,
371 1948 403 1998 et
417 1931 532 1997 bovem
545 1931 696 1996 feminam
718 1930 857 1996 locutam
879 1931 1006 2018 publice
1027 1932 1080 1998 ali.
1124 1935 1213 2000 Min·

136 2020 247 2086 turnis
259 2042 389 2106 quoquc
413 2041 472 2104 per
493 2041 547 2084 eos
569 2019 636 2084 dies
649 2017 760 2084 ⁵⁸coeli
782 2017 922 2088 ardentis
944 2019 1062 2103 species
1077 2019 1213 2088 adfulse-

134 2119 197 2174 rat.
247 2106 349 2180 Reate
362 2105 459 2170 imbri
473 2103 637 2190 lapidavit.
683 2104 797 2170 Cumis
809 2106 841 2170 in
854 2127 927 2170 arce
937 2105 1054 2190 Apollo
1069 2108 1213 2174 triduum
1295 2107 1298 2114 ⁴

136 2216 173 2258 ac
188 2206 257 2260 tres
271 2205 382 2264 noctes
395 2192 580 2257 lacrimavit.
602 2192 636 2256 in
652 2191 732 2257 urbe
748 2192 896 2258 Romanu
918 2190 986 2256 duo
1005 2193 1116 2259 aeditui
1130 2217 1213 2260 nun-

136 2280 276 2358 ciarunt,
292 2280 383 2356 nitar,
395 2279 429 2344 in
444 2279 515 2344 aede
527 2279 681 2344 Fortunae
695 2301 736 2342 au
760 2301 832 2342 uem
842 2277 990 2363 jubarum
1005 2301 1025 2342 a
1039 2279 1213 2364 compluri-

137 2365 200 2432 bus
216 2368 318 2432 visum
340 2389 422 2430 esse:
446 2366 537 2443 alter,
560 2365 594 2429 in
616 2364 687 2429 aede
700 2301 937 2451 wirimigeniae
959 2363 1122 2444 Fortunae,
1139 2389 1213 2454 quae

136 2453 169 2518 in
189 2453 271 2518 colle
284 2464 342 2531 ert,
357 2453 424 2518 duo
438 2453 562 2518 diversa
576 2450 739 2539 prodigia3
763 2449 900 2535 palmam
923 2449 957 2513 in
981 2465 1211 2536 menesatem,

137 2553 168 2626 et
193 2563 228 2604 sa
275 2541 349 2606 nine
373 2539 513 2604 interdiu
532 2537 659 2622 pluisse.
703 2539 780 2602 Duo
805 2559 870 2602 non
893 2551 1040 2622 suscepta
1064 2539 1214 2627 prodigia

138 2640 225 2702 sunt,
273 2641 376 2692 terum
398 2626 487 2713 quod
510 2626 544 2690 in
570 2625 696 2710 privato
721 2624 793 2690 loco
814 2623 933 2688 factum
960 2638 1050 2702 esset,
1072 2625 1213 2712 palmam

138 2725 267 2778 enatam
293 2713 439 2798 inpluvio
464 2735 523 2778 suo
538 2711 579 2776 T.
597 2711 741 2776 Marcius
763 2710 895 2798 Figulus
921 2712 1110 2778 nunciabat:
1134 2713 1213 2779 alte·

139 2821 227 2881 rum,
243 2799 329 2884 quod
354 2800 389 2863 in
414 2799 494 2864 loco·
512 2799 693 2886 peregrino,
718 2797 871 2885 Fregellis
894 2798 927 2861 in
956 2799 1052 2864 domo
1067 2799 1106 2864 L.
1120 2801 1213 2866 Atrei

138 2884 242 2962 hasta,
258 2908 355 2972 quam
368 2885 436 2950 filio
452 2885 543 2951 militi
565 2896 695 2961 emerat,
710 2885 850 2949 interdiu
865 2884 935 2970 plus
950 2884 1030 2950 duas
1051 2885 1146 2952 horas
1162 2910 1213 2952 ar·

139 2973 229 3054 sisse,
244 2971 290 3038 ita
304 2984 340 3040 ut
355 2973 435 3038 nihil
453 2974 519 3058 ejus
534 2973 715 3038 ambureret
734 2973 826 3058 iguis,
842 2970 1017 3037 dicebatur.
1063 2973 1213 3042 Publico-

139 3079 214 3124 rum
228 3059 449 3148 prodigiorum
465 3081 575 3124 caussa
587 3057 695 3124 ⁶⁰libri
717 3059 1052 3136 adeoemvirisaditir
1075 3062 1213 3148 quadra·

155 3215 170 3244 ¹³
181 3219 240 3260 nota
251 3213 346 3261 muner
357 3213 425 3260 abest
437 3213 513 3261 Gran.
525 3211 596 3260 clav.
646 3213 661 3242 ⁰
669 3211 767 3258 trecenti
777 3213 800 3256 ct
810 3209 913 3271 triginta
923 3208 991 3257 Eoed.
1040 3211 1114 3258 Paria
1125 3213 1195 3262 (iter.

172 3361 207 3410 et
221 3363 304 3425 Neque
329 3365 439 3412 numiam·
467 3363 590 3415 amatum
611 3361 661 3412 aila
693 3359 785 3409 Heaut.
808 3359 843 3408 11.
863 3361 880 3406 l.
902 3359 941 3408 16.
968 3359 1054 3421 religio
1074 3365 1108 3409 ert
1128 3363 1212 3412 diem

136 3425 261 3490 prodigio]
284 3429 324 3477 Sic
339 3430 414 3476 edidit
425 3432 555 3478 obsecutus
566 3429 661 3480 Gruuo·
693 3426 741 3474 'Si
759 3425 814 3487 quis
830 3430 914 3472 tumen
933 3427 1061 3486 vulgatam
1081 3427 1211 3474 lectionem

140 3490 180 3536 vio
191 3493 310 3544 Clericus.
332 3490 436 3556 Vulgari
442 3492 533 3542 habam
543 3495 659 3542 menites-
693 3491 756 3540 tueri
775 3491 843 3549 velit,
859 3491 932 3536 babet
949 3504 999 3550 qno
1018 3490 1111 3537 nitatur
1128 3505 1212 3540 exem-

142 3559 423 3619 tum,meudnm,nutla.
463 3575 465 3580 ·
692 3559 762 3618 plnru
779 3569 793 3601 a
810 3557 829 3605 1.
839 3555 875 3604 X.
887 3554 999 3610 liviano,
1016 3569 1037 3602 e.
1046 3553 1091 3605 ti.
1106 3557 1162 3604 Vld.
1177 3558 1212 3604 ibi

175 3617 381 3686 56'Admudum]
400 3623 468 3670 Fere.
693 3629 743 3671 not.
756 3619 797 3668 55.

174 3683 208 3732 56
224 3685 344 3748 Antiquae
355 3691 389 3750 stt
408 3681 515 3750 animm]
541 3685 661 3742 Quaedam
725 3685 757 3734 58
776 3683 834 3734 Cart
852 3684 956 3732 ardentia
975 3686 1061 3745 sperica
1079 3683 1211 3750 affulserat]

123 3787 129 3796 .
142 3746 261 3797 editiones
280 3753 321 3798 rit.
352 3753 400 3800 Sed
412 3753 564 3808 vetustiores,
584 3759 610 3798 et
632 3767 661 3800 ea
693 3751 830 3798 Gronovius
841 3751 926 3796 mallet
936 3750 1062 3810 qffdrmot,
1071 3755 1100 3796 nt
1110 3753 1127 3798 l.
1139 3749 1211 3797 XLI.

142 3827 240 3876 quoque
250 3830 307 3876 quae
317 3820 349 3864 ab
364 3819 473 3866 Hearuio
487 3819 601 3864 adornate
614 3825 660 3876 est,
693 3831 713 3866 c.
726 3815 765 3862 21.
786 3815 844 3863 Tres
855 3815 927 3860 simul
937 3816 992 3862 solea
1003 3816 1147 3874 eff'alrerunt.

142 3878 167 3926 id
178 3879 272 3928 habent
282 3885 348 3942 quod
359 3885 489 3932 edidimus.
725 3879 757 3928 59
774 3879 944 3942 Primigenia]
970 3880 1037 3928 Olim
1054 3880 1211 3946 Prrmrgaae.

176 3943 208 3992 57
225 3947 261 3991 Et
275 3948 380 4006 quadam
391 3949 475 4008 religio
485 3950 545 3994 ursel
556 3977 563 3992 .
575 3978 582 3994 .
593 3971 603 3996 e
614 3961 661 4008 pro
693 3943 803 3992 Correxit
815 3945 962 3992 Gronovius.

142 4007 225 4071 dignit
234 4010 329 4074 babere]
353 4013 459 4060 Videtur
467 4012 597 4072 legendum
608 4025 661 4058 esse
726 4010 759 4057 60
773 4007 843 4056 Libri
858 4026 874 4056 a
889 4009 1023 4056 &confiuit
1039 4009 1118 4059 aaut.
1133 4044 1139 4058 .
1152 4042 1159 4059 .
1170 4040 1178 4056 .
1189 4015 1212 4058 ci

143 4074 225 4136 potius
235 4076 350 4138 iudicarit
367 4078 488 4138 Religioni
499 4077 566 4122 enim
576 4089 606 4122 aa
616 4076 661 4122 ha·
693 4073 843 4135 warmunt]
865 4074 946 4120 Locus
962 4073 1063 4130 fractus,
1074 4089 1149 4136 quern
1165 4075 1212 4122 hoc

143 4137 201 4186 bere
211 4139 391 4202 dictamnum
401 4142 663 4200 aversamnr‚quaela-
693 4141 768 4186 modo
784 4140 891 4186 restituit
907 4139 1058 4187 Gronoviusr
1077 4140 1157 4188 Libris
1173 4139 1213 4186 dc.

144 4215 198 4250 cere
213 4210 257 4252 aut
277 4207 329 4252 fieri
350 4209 475 4264 nolumus,
493 4220 543 4254 uon
560 4220 589 4252 ea
605 4221 661 4266 qna
694 4205 793 4251 cemvirr'
811 4203 893 4258 aditis,
907 4203 1067 4270 quodraginta
1084 4205 1212 4267 majorum

145 4275 318 4329 preoptatam.
355 4273 394 4324 Sia
410 4273 427 4318 l.
445 4271 478 4318 V.
495 4286 515 4318 c.
534 4269 572 4318 28·
592 4271 662 4318 «Iovia
693 4269 775 4316 hortiis
786 4267 867 4328 quibus
878 4267 926 4314 diis
934 4269 1036 4316 meula
1045 4272 1212 4332 commearent,

146 4323 251 4398 domem
270 4337 335 4398 speie
361 4337 506 4397 equiparare
527 4335 663 4384 dictatorcm
693 4329 823 4389 ediderunt,
842 4338 865 4381 rt
883 4335 929 4380 cti.
962 4333 1072 4382 Verbum
1090 4335 1212 4386 edidcmni

147 4395 173 4441 ia
184 4398 321 4459 religionem
328 4401 401 4451 stiam
410 4402 541 4452 tralatam.
562 4401 595 4448 iit
603 4399 661 4449 Fer.
693 4400 739 4446 bac
750 4399 777 4446 in'
787 4412 813 4447 re
824 4400 923 4448 solenne
932 4407 979 4456 cst,
990 4413 1035 4448 neo
1051 4406 1131 4462 potest
1141 4399 1212 4448 dubt-
