3056 4976
194 683 459 768 JOANNIS
489 677 816 764 FREDERICI
847 677 1148 764 GRONOVII

382 953 966 1112 ramuarro
1079 1009 1083 1020 ι

490 1242 557 1307 AD
580 1240 858 1308 LECTOREM.

579 1517 773 1579 '‘⁴''ss

125 1730 173 1830 St
184 1785 267 1852 opus
277 1775 371 1844 esset,
384 1764 485 1831 amice
495 1766 605 1846 lector,
619 1789 683 1832 non
694 1785 844 1855 gravarer
859 1763 918 1830 tibi
928 1763 1058 1850 longum
1069 1762 1112 1828 de
1120 1759 1163 1827 T.
1175 1762 1228 1826 ni-

123 1853 171 1916 sio
186 1852 329 1916 fabulam
344 1873 465 1917 serere:
487 1855 626 1940 suppetit
639 1856 724 1920 enim
735 1853 881 1918 materia.
897 1851 951 1916 sed
968 1863 1092 1916 tantum
1107 1849 1228 1916 dictum

123 1951 176 2017 est,
188 1954 224 2003 ut
234 1938 382 2024 quaedam
395 1959 459 2003 non
470 1963 540 2004 esse
549 1941 635 2006 dicta
644 1952 819 2027 praestaret,
831 1951 864 2004 ct
873 1938 999 2003 illorum
1012 1935 1140 2001 aliunde
1150 1953 1230 2023 gna·

121 2045 174 2089 ros
187 2027 222 2089 in
238 2024 302 2089 hoc
315 2040 400 2090 certe
414 2025 546 2091 schedio
558 2028 618 2092 alia
634 2028 772 2093 lectione
784 2027 883 2090 mavis
896 2024 1043 2110 avocari.x
1077 2021 1156 2086 Hoc
1170 2022 1229 2110 igi-

121 2123 172 2174 tur
186 2123 354 2196 exspectas
367 2114 483 2198 potius,
497 2127 542 2190 ut,
555 2134 619 2200 qua
633 2115 750 2180 fiducia
765 2115 825 2178 sim
840 2133 1006 2216 aggressus
1018 2131 1084 2174 rem
1099 2109 1231 2173 minime

122 2197 262 2283 vulgaris
277 2200 385 2274 animi,
402 2219 497 2284 quam
513 2221 564 2265 me
579 2223 740 2277 ausurum,
757 2213 793 2266 ut
807 2201 851 2264 sic
866 2199 981 2276 dream,
994 2209 1068 2261 snte
1083 2194 1184 2273 tubas,
1199 2208 1232 2260 et

121 2284 308 2372 priusquam
325 2305 482 2370 pascerer,
498 2307 540 2352 ne
553 2288 622 2368 ipse
636 2288 764 2375 quidem
780 2283 911 2362 credidi,
927 2297 963 2349 nt
972 2283 1132 2368 perpetuis
1147 2282 1248 2373 notis

120 2369 264 2436 historiae
289 2371 448 2436 Romanas
465 2373 642 2460 principem
661 2371 908 2438 emendatiorem
931 2370 1065 2444 reddere
1084 2389 1227 2445 conarer,

119 2458 218 2524 biein
231 2457 342 2522 limine
351 2457 529 2524 edisseram.
563 2460 629 2528 Ubi
640 2461 779 2546 primum
792 2457 871 2523 ittud
884 2456 1029 2522 relictum
1039 2453 1228 2539 aptioribus

119 2543 298 2632 occupabo,
311 2559 348 2609 ut
361 2561 452 2632 grata
462 2547 764 2612 commemoratione
775 2543 943 2610 doctorum
958 2541 1136 2618 hominum,
1149 2561 1229 2627 quos

118 2655 206 2697 curae
217 2631 340 2718 aliquid
352 2633 427 2696 hoio
437 2633 584 2718 scriptori
595 2635 668 2699 vitae
678 2633 876 2698 restituendo
886 2644 960 2716 post
970 2630 1092 2694 litteras
1103 2640 1229 2693 renatas

116 2719 301 2804 impertisse
324 2720 442 2803 accepi,
456 2722 637 2805 praesertim
659 2722 886 2808 antiquiorum,
905 2731 938 2784 et
955 2719 1094 2804 ipsorum
1110 2715 1229 2802 pariter

118 2805 240 2872 Manes
254 2802 777 2873 etfuturorumstudisdemerear.
810 2807 1038 2871 Illorumenim
1050 2804 1230 2888 plerorum-
1371 2849 1378 2864 .

117 2915 179 2980 que
203 2893 449 2960 intermortuam
472 2893 599 2960 laudem
621 2915 832 2960 renovaverat
863 2913 905 2957 ex
928 2891 988 2968 his,
1005 2891 1059 2977 qui
1079 2901 1152 2976 post
1170 2907 1230 2954 not

116 2980 268 3046 eamdem
276 2979 472 3064 provinciam
483 2981 620 3046 subituri
629 2993 714 3058 sunt,
724 2978 953 3046 adminiculum
963 2977 1136 3054 habebunt,

118 3067 199 3131 mibi
214 3066 244 3131 si
252 3063 392 3131 fosseta
404 3067 573 3153 principio,
589 3080 621 3133 et
636 3067 849 3133 sollicitudine
863 3067 920 3130 diu
936 3087 986 3129 me
1001 3081 1138 3129 vexante
1162 3063 1230 3126 'ber

115 3152 258 3230 ibium
272 3163 305 3216 et
314 3151 421 3218 moitis
433 3157 577 3240 partibus
590 3153 752 3219 meliorem
763 3155 821 3219 tibi
831 3153 937 3219 statim
950 3163 1111 3217 auctorem
1124 3147 1230 3215 dedis

117 3261 196 3305 sem.
237 3239 355 3326 Neque
367 3241 452 3304 enim
469 3254 591 3306 tanturn
607 3241 686 3305 mihi
698 3241 815 3318 tribuo,
828 3261 927 3328 eaque
939 3239 1135 3326 malignitate
1149 3247 1183 3300 et
1195 3235 1231 3300 in

116 3328 258 3413 majores
272 3338 305 3390 et
319 3327 352 3390 in
375 3328 514 3392 minores
529 3327 625 3406 feror,
639 3327 780 3394 fortuitis
801 3327 970 3414 subjectus,
985 3339 1017 3391 et
1032 3345 1073 3389 an
1095 3323 1230 3388 audeam

116 3412 368 3489 insonarciliud,
379 3411 437 3478 δότε
446 3413 542 3502 κςίτυν
549 3416 727 3504 ambiguus,
736 3427 773 3480 ut
781 3415 969 3479 velistorum
980 3411 1231 3478 Hieronicamm

115 3501 244 3586 palmas
258 3513 291 3564 et
305 3519 438 3565 emaum
452 3501 529 3565 oiim
546 3513 648 3566 certae
662 3502 788 3568 abolere
801 3514 857 3567 aut
868 3513 1032 3566 conterere
1043 3497 1231 3577 desiderem,

116 3587 167 3652 vet
181 3585 346 3652 neminem
361 3586 496 3673 posthac
510 3588 544 3652 in
558 3588 672 3654 eodem
687 3589 791 3654 stadio
804 3589 946 3654 exerceri
956 3586 1066 3651 velim:
1091 3581 1145 3669 qui
1161 3603 1231 3647 mos

115 3687 165 3739 est
176 3673 406 3761 quorumdem,
417 3685 453 3739 ut
464 3673 550 3740 velut
559 3675 732 3762 desponsos
742 3676 812 3754 sibi,
825 3697 896 3756 usu,
907 3672 1121 3759 co'e'mptione,
1135 3671 1230 3747 farre,

116 3759 150 3824 in
173 3781 311 3824 mamm
327 3760 512 3826 convenisse
525 3775 658 3840 veteres,
682 3785 761 3850 quoe
782 3761 992 3828 recensendos
1014 3767 1230 3844 susceperuut,

116 3845 233 3910 haberi
256 3846 438 3930 postulent3
469 3859 524 3912 sut
547 3850 638 3935 quasi
653 3849 696 3914 ab
717 3850 901 3916 censoribus
925 3871 963 3914 ea
976 3847 1046 3936 iege
1066 3843 1232 3932 pubiicum

117 3933 361 4011 conduxissent,
372 3957 413 3999 ne
424 3933 457 3999 id
469 3947 625 4020 preterea
634 3937 784 4024 cuiquam
795 3936 917 4024 agitare
927 3935 972 4000 fas
982 3935 1037 4012 sit,
1046 3932 1125 3998 aiios
1136 3943 1172 3997 ut
1182 3931 1231 3995 in·

116 4019 159 4084 de
173 4039 287 4084 omnes
302 4031 443 4098 arceant,
454 4023 652 4090 tentantibus
666 4045 748 4109 opus
760 4043 879 4088 norum
891 4021 1050 4099 nuntient,
1067 4015 1232 4085 emulam-

117 4127 181 4193 que
196 4106 390 4172 industriam
404 4107 633 4175 coutumeliam
648 4133 736 4175 suam
751 4110 1012 4196 interpretentur.
1051 4106 1180 4173 Prima'
1207 4107 1232 4158 ’-

118 4203 182 4272 tor,
198 4193 252 4258 uti·
272 4193 422 4278 debebat,
435 4217 619 4281 praeconem
634 4219 725 4262 suum
750 4197 785 4262 in
807 4197 911 4262 lucem
927 4193 1054 4262 reduxit
1075 4193 1153 4260 urbs
1171 4123 1233 4256 dd·

117 4281 218 4361 mins,
246 4279 495 4368 adspirantibus,
522 4295 559 4348 ut
581 4285 775 4350 ornatiorem
798 4284 979 4361 reduceret,
1002 4281 1131 4347 disertis
1150 4279 1233 4344 duo·

117 4365 182 4433 bas
201 4381 236 4434 et
258 4369 411 4456 gran‘bus
426 4369 511 4449 viriet
535 4370 686 4441 tuumne
703 4371 836 4440 Andrea
850 4370 1020 4466 Aierisnsj,
1035 4381 1071 4436 et·
1084 4365 1234 4435 totusue
