3056 4976
473 160 576 222 Ltls,
598 159 687 220 XLI:
709 159 815 220 ca-t’.
841 159 924 220 XIV.
1187 169 1227 230 15

164 321 225 388 bus
244 321 278 388 in
293 323 389 390 lstrla
403 321 638 410 Liguribusque
658 325 926 412 prosperegestis
945 323 1226 410 disseruisset,·po·
1234 335 1369 386 unam
1448 386 1451 391 .

164 409 296 480 srulruti
307 408 487 497 triumphus
498 421 546 474 est
557 409 712 476 decretur.
726 409 933 498 triumpharit
947 411 980 475 in
992 414 1176 498 magistratu
1185 401 1264 480 dcl·
1273 399 1302 450 ⁰·
1317 407 1377 453 ¹⁷⁷·'

162 495 286 562 duabus
308 497 402 562 simul
423 496 581 583 gentibus.
601 495 718 570 :Tulit
737 497 824 562 ineo
845 496 1008 583 triumpho
1022 497 1225 564 ⁵⁶denaribm

162 593 304 648 trecenta
328 596 448 668 septem
469 581 580 660 millia,
595 595 627 648 et
645 581 879 649 ⁵⁷victoriatirm
902 584 1064 669 octogiuta
1086 585 1226 670 quinqua

161 667 263 734 millia
276 669 492 757 septingentos
505 667 616 734 duom.
638 668 790 735 militibus
809 670 842 734 iu
858 669 998 757 singulos
1010 669 1135 755 “quini
1148 669 1225 734 deni

159 751 284 819 denarii
304 755 390 824 datis
406 753 531 840 duplex
552 754 741 832 centurioni,
759 755 877 841 triplex
898 755 1007 842 equiti.
1053 757 1154 822 Sociis
1172 755 1221 822 di·
1283 807 1288 818 .

159 839 262 906 midio
287 842 403 924 minus,
416 861 513 928 quam
539 840 669 919 civibus,
684 841 806 907 datum.
828 843 934 928 itaque
956 841 1054 920 taciti,
1070 857 1106 908 ut
1126 842 1224 908 iratos

159 947 227 990 esse
239 929 384 1006 sentires,
400 927 498 994 secuti
512 940 739 992 suntcurrum.
1196 949 1199 954 ·

201 1013 297 1080 XIV.
319 1015 450 1102 Dum-is
464 1012 643 1100 triumphus
657 1013 699 1080 de
709 1013 881 1102 Liguribus
895 1015 1059 1101 agebatur,
1075 1014 1221 1102 Ligures,
1230 1029 1327 1092 trgum

159 1093 1354 1274 tt?ttttt‘l⁰{ittttlzlttttttttt‘ttttlt'‘Q‘'

469 1231 480 1262 ,
841 1233 849 1252 .

159 1293 238 1348 sam,
254 1273 351 1338 soluti
374 1285 470 1350 metu,
487 1275 567 1337 clam
586 1273 725 1338 exercitu
747 1272 876 1348 indicto,
892 1281 950 1358 per
971 1286 1163 1337 transversos
1183 1273 1222 1343 li·

158 1358 252 1423 mites
274 1359 427 1445 superatis
448 1359 619 1438 montibus,
633 1361 667 1424 iu
684 1380 813 1443 campos
827 1358 974 1446 degressi,
990 1380 1103 1445 ugrum
1119 1359 1221 1426 Muti·

156 1465 292 1511 nensem
358 1446 468 1531 pulati,
495 1445 661 1531 repentino
684 1445 795 1529 inpetu
816 1445 973 1510 coloniam
1001 1446 1101 1530 ipsam
1127 1468 1221 1532 cepe·

156 1543 244 1598 runt.
290 1468 409 1598 Ipoubi
439 1531 575 1596 Romam
600 1531 740 1597 adlatum
765 1543 822 1609 est,
844 1544 970 1597 senatus
996 1531 1035 1596 C.
1052 1531 1221 1610 Claudiurn

158 1617 319 1684 consulem
353 1618 485 1686 comitia,
512 1617 616 1703 primo
644 1619 779 1705 quoque'
803 1629 945 1703 tempore
972 1617 1090 1683 babere
1115 1619 1222 1704 jussit,

156 1699 333 1792 mentisque
348 1705 379 1770 in
393 1725 514 1768 annum
533 1704 768 1791 magistratibus
790 1705 821 1768 iu
844 1705 1040 1790 provinciam
1061 1704 1175 1784 redire,
1190 1719 1223 1770 et
1317 1731 1320 1736 ·

155 1789 316 1855 coloniam
337 1813 378 1856 ex
394 1789 539 1856 hostibus
560 1792 693 1875 eripere.
738 1790 797 1868 lta,
813 1792 860 1855 uti
878 1791 1003 1858 censuit
1016 1802 1151 1869 senatus,
1167 1804 1340 1856 οο-οοιιιιιι

156 1877 387 1946 mitiahabita.
434 1877 587 1942 Consules
609 1877 715 1955 creati,
733 1877 792 1942 Cn.
811 1877 978 1943 Cornelius
1006 1878 1115 1965 Scipio
1141 1877 1221 1942 His·

155 1961 272 2048 pallus,
289 1965 332 2040 Q.
350 1963 493 2028 Petillius
510 1963 675 2049 Spurinus.
718 1963 877 2030 Praetores
893 1963 967 2028 inde
987 1964 1072 2041 fasti,
1090 1963 1138 2030 M.
1156 1964 1220 2029 Po-

179 2049 264 2114 illius
278 2049 407 2130 Laenas,
424 2049 460 2114 P.
477 2048 619 2130 Licinius
635 2050 776 2128 Crassus,
792 2049 843 2114 M.
860 2050 1029 2116 Cornelius
1042 2051 1162 2137 Scipio,
1178 2050 1219 2119 L.

155 2070 1028 2222 l
1051 2137 1221 2288 ιιιι
1277 2229 1279 2238 ι

1010 2267 1022 2302 2

154 2308 338 2392 provincis:
372 2320 415 2385 et,
444 2331 485 2372 ne
517 2308 591 2374 latri
619 2330 747 2394 quoque
777 2309 869 2385 idem,
899 2310 984 2394 quod
1012 2320 1045 2374 et
1074 2308 1216 2395 Ligures,

153 2393 306 2474 facerent,
320 2395 420 2460 socios
439 2395 576 2460 nominis
592 2394 699 2460 Latini
713 2396 746 2458 in
764 2393 888 2460 lstriam
904 2395 1053 2472 mitteret,
1066 2416 1146 2480 quos
1160 2395 1218 2459 tri·

152 2481 268 2568 umphi
295 2503 407 2548 caussa
434 2481 475 2547 de
507 2481 670 2567 provincia
697 2480 886 2547 deduxisset.
931 2479 993 2546 Cu.
1009 2479 1158 2556 Cornelio
1185 2493 1217 2548 et
1225 2491 1256 2542 tr.
1269 2492 1295 2540 c.
1306 2497 1362 2546 are.

151 2567 198 2645 Q.
217 2567 345 2664 Petillio
369 2567 559 2644 consulibus,
585 2590 649 2655 quo
673 2565 726 2632 die
750 2567 967 2656 magistratum
993 2566 1144 2646 inierunt,
1167 2559 1364 2674 ³⁰·ss·⁰52„⁷⁶·

152 2655 347 2722 molentibus
360 2653 436 2720 Jovi
457 2654 588 2741 singulis
610 2654 723 2731 bubus,
741 2654 785 2718 uti
811 2653 902 2735 solet,
915 2654 948 2717 in
967 2676 1004 2719 ea
1024 2653 1137 2733 hostis,
1153 2639 1345 2747 quanssligq]

153 2740 197 2817 Q.
216 2740 362 2807 Petilliua
375 2741 572 2819 sacrificavit,
587 2741 620 2805 in
638 2741 782 2827 jocinore
796 2753 970 2825 caput'non
985 2741 1160 2817 inventurn.
1183 2741 1216 2806 id
1225 2755 1319 2804 neuun

151 2843 254 2913 q'uum
282 2826 324 2894 ad
353 2840 495 2892 senatum
528 2827 696 2908 retulisset,
723 2827 803 2892 bove
830 2826 980 2910 perlitare
1006 2828 1122 2914 jussus.
1165 2823 1292 2894 De⁰⁰¹¹·
1376 2905 1378 2914 ,

151 2914 326 2999 provinciis
348 2913 463 2980 deinde
484 2913 645 2980 consultus
666 2925 790 2980 senatus
816 2913 905 2978 Pisas
929 2926 962 2983 et
983 2913 1121 3002 Ligures
1143 2935 1218 2998 pro-

151 3000 272 3066 vincias
284 3000 466 3065 oonsulibus
480 3000 629 3065 decrevit.
675 3000 737 3065 cut
751 2999 839 3064 Pisoe
852 2999 1015 3086 provincis
1028 3000 1216 3078 obvenisset,
1264 3029 1267 3036 ⁴

151 3109 254 3175 quum
279 3086 519 3173 magistratuum
535 3084 745 3152 creandorum
769 3099 893 3236 tempus
914 3100 1007 3167 esset,
1022 3087 1063 3152 ad
1087 3086 1218 3152 comitia

150 3173 271 3240 reverti
286 3172 391 3260 jussit
414 3172 558 3240 additum
580 3172 719 3253 decreto,
742 3183 779 3236 ut
799 3171 827 3210 ⁶⁰

554 3305 557 3310 ·
615 3293 763 3342 *meran

184 3415 217 3460 56
233 3411 372 3460 Damam
388 3415 492 3458 trwenta
508 3415 597 3470 septem
614 3411 670 3458 mil-
702 3409 773 3472 paulo
784 3411 837 3470 plus
848 3411 904 3460 669.
921 3408 998 3456 unda
1008 3417 1033 3457 4.

148 3473 198 3542 lia]
230 3479 326 3525 Marcus
344 3477 435 3538 sugenti
458 3480 574 3522 nostrates
596 3479 670 3525 4795.
734 3481 765 3522 58
784 3475 916 3530 Quintdem'
926 3470 1030 3537 denarii]
1047 3475 1130 3522 Minus
1140 3476 1217 3523 unde

150 3545 271 3594 undat.
700 3541 793 3602 argenti
804 3545 921 3590 nostrates
933 3540 1001 3588 binn.
1073 3583 1075 3588 ,

183 3615 216 3659 57
235 3606 398 3656 Victoriastm
420 3610 543 3668 octoginta
568 3607 670 3672 quisque
735 3613 765 3654 t9
781 3601 928 3666 Ardeatum]
945 3605 1008 3651 Olim
1032 3603 1153 3664 legebatur
1174 3605 1216 3654 ad-

150 3675 231 3721 niusa
253 3675 417 3735 septingentos
443 3671 500 3736 eleo]
533 3673 583 3729 Qut
606 3687 671 3719 mc
703 3671 806 3717 ductum.
839 3670 947 3718 Correxit
957 3671 1100 3716 Gronovius.

153 3739 305 3790 rasorium
321 3739 463 3800 appellatur,
475 3739 553 3799 inquit
569 3737 668 3795 Plinius,
734 3741 765 3783 60
782 3737 861 3782 Binar
883 3737 987 3798 legiones
1006 3749 1095 3780 swas.
1109 3740 1151 3782 .et
1171 3739 1218 3782 tre-

149 3797 670 3865 tm111.e.a.tegaot0drapmm
702 3808 780 3848 cattos
801 3797 902 3864 equites]
934 3801 979 3846 Vix
1004 3799 1107 3846 dubitari
1129 3803 1219 3862 potest,

150 3875 193 3920 est.
207 3903 211 3908 -
224 3869 309 3916 Antea
319 3869 434 3916 enimbic
448 3881 598 3916 nummatas
610 3869 670 3930 Illy·
702 3867 760 3927 quin
777 3865 817 3912 hie
833 3865 946 3913 exciderit
962 3863 1057 3924 aliquid.
1091 3865 1218 3926 Expresse-

147 3935 198 3981 rt'co
219 3935 342 3988 motu,
359 3933 444 3982 mermi
461 3936 510 3981 loeo
531 3933 667 3982 halebatur.
700 3939 737 3980 ret
757 3931 932 3992 nempeleins
949 3943 1130 3990 premortuus,
1143 3944 1218 3990 qusn-

148 3999 198 4046 Ert
214 4008 297 4048 cutm
313 4002 428 4061 signatas
443 4001 555 4055 obtorta,
569 4006 594 4046 et
615 3997 669 4044 tude
699 4003 751 4044 tum
765 3998 881 4058 peditum,
892 4000 1008 4056 quantum
1024 3991 1131 4054 eqnituut
1143 3993 1217 4057 legio-

148 4080 238 4118 Μαι.
272 4059 335 4114 Eum
353 4065 465 4113 Volusius
480 4065 610 4112 Maecianus
627 4066 669 4111 tlo-
701 4075 885 4121 ussnovaequae
901 4059 1064 4106 scribebantur
1080 4059 1216 4108 hsbcrede-

149 4138 186 4179 set
211 4137 307 4179 tentum
331 4130 440 4186 saluisse,
461 4138 577 4190 quantum
602 4129 667 4188 prius
699 4128 790 4175 berent.
823 4125 931 4173 Peditum
954 4138 1065 4172 uumerus
1088 4124 1217 4173 intercidit

148 4199 294 4256 quinctius..
312 4195 337 4242 Si
349 4194 460 4250 igitursd
474 4196 535 4242 hana
552 4191 666 4242 rationein
700 4193 724 4238 Si
745 4193 768 4239 id
792 4205 917 4252 sequamur
935 4189 1000 4250 quod
1022 4191 1159 4251 plerumque
1178 4192 1216 4238 bis

147 4261 271 4312 victoriati
289 4267 379 4312 8⁵702.
396 4262 554 4320 aestimentur,
566 4261 668 4307 efficien-
699 4258 844 4318 temporibus
874 4255 1009 4304 lectitatum
1036 4263 1084 4313 est,
1110 4255 1217 4302 videntur

144 4334 182 4380 ter
208 4327 303 4380 denarii
328 4331 418 4376 tttbt.
441 4323 535 4376 marca
550 4323 667 4384 nostrstes
699 4321 776 4394 legera
797 4323 893 4372 debere:
921 4321 1000 4370 Bs'rrm
1021 4322 1124 4386 legiones
1144 4335 1217 4368 sacas

858 3173 925 3238 iuss
954 3172 1095 3261 legiones
1119 3194 1217 3239 noves
