3154 4984
305 154 308 160 ’
335 161 395 216 240
757 151 1003 216 EPITOMAE

339 319 426 406 eique
449 328 571 402 propter
587 315 729 386 Cimbrici
750 317 818 382 belli
840 327 949 382 mauro
964 319 1155 384 continuatus
1165 338 1221 402 per
1239 319 1404 406 complures

340 428 433 471 annos
445 402 644 490 magistratus
657 412 712 466 est.
734 404 868 469 Secundo
882 413 912 469 et
928 404 1016 468 tertio
1029 403 1138 471 obseres
1152 405 1255 470 consul
1276 416 1402 488 creatus,

341 501 481 578 quartum
497 491 678 556 cmrsulotum
696 489 921 554 dissimulanter
933 501 1059 573 captans
1073 502 1245 556 consecutus
1264 501 1319 556 est.
1342 493 1402 557 Cn.

253 649 256 662 ,
340 577 499 643 Domitius
510 575 648 660 pontefex
662 576 809 640 mucimus
820 577 924 658 populi
1007 577 1080 662 agio
1093 587 1275 643 ereotusest.
1317 577 1402 643 Cim·

340 665 396 742 bri,
410 667 534 730 uastatis
548 664 691 740 omnibus,
707 683 775 746 quae
788 660 868 726 inter
886 663 919 726 R
999 685 1066 730 narn
1082 673 1111 748 et
1124 665 1302 750 Pprenaum
1322 675 1402 742 sunt,

337 749 394 834 per
406 751 521 814 saltum
534 751 567 814 in
582 749 768 832 Hispaniam
782 749 1093 835 transgressi,‘ibiqae
1107 749 1204 814 mrslto
1220 751 1287 815 loca
1307 771 1402 832 popu-

342 837 407 912 lati,
430 858 451 902 a
467 837 623 902 Celtiberis
639 833 751 920 fugati
771 844 858 898 suut.-
880 835 1047 920 reunsique
1067 837 1099 902 in
1115 836 1264 916 Galliam,
1279 835 1400 903 ⁸⁹belli·

339 924 416 989 cosis
428 943 461 988 se
480 924 621 992 Teutonis
633 920 855 1007 eorq‘reuaerunt.
1272 967 1275 974 .

767 1201 972 1288 LXVIII.
996 1247 998 1252 ·
1043 1257 1046 1264 ι

384 1402 433 1466 Μ.
456 1402 604 1466 Antonius
625 1409 737 1482 praetor
758 1401 790 1464 in
809 1399 946 1466 Cilicium
965 1401 1136 1465 maritimos
1157 1403 1310 1484 medones
1330 1422 1399 1482 per-

226 1477 236 1494 '
338 1499 455 1552 secutus
476 1498 530 1552 est.
570 1490 606 1554 C.
623 1486 748 1551 Marius
768 1486 869 1551 consul
893 1488 1058 1552 somniavi
1079 1489 1258 1574 obpugnata
1280 1489 1399 1552 oTere-

339 1574 415 1638 tonis
442 1583 472 1636 et
494 1573 693 1638 Ambronibus
720 1570 820 1640 instra
847 1571 991 1654 defendit.
1014 1574 1128 1638 duobus
1156 1574 1263 1660 deinde
1284 1573 1400 1656 proeiiis

337 1659 417 1724 circa
432 1660 538 1744 Aquas
551 1660 672 1724 Sentias
685 1680 734 1723 eos
749 1661 846 1724 hostes
860 1659 979 1738 deleuit,
988 1661 1021 1725 in
1035 1661 1139 1744 quibus
1150 1681 1228 1724 creso
1241 1663 1399 1724 traduntur

337 1746 465 1810 hostium
480 1748 610 1811 ducenta
623 1745 731 1830 miliia,
747 1757 838 1829 capto
853 1747 1033 1832 nonaginta.
1056 1745 1178 1811 Marius
1191 1747 1299 1810 absens
1308 1747 1398 1830 quin-

338 1842 401 1897 tum
420 1833 520 1897 consul
541 1843 657 1898 creatus
678 1842 735 1900 est.
754 1834 931 1915 triumploim
957 1834 1100 1914 oblatum,
1116 1835 1206 1898 donec
1220 1843 1249 1896 et
1265 1833 1400 1898 Cimbros

336 1921 479 1996 vinceret,
504 1920 634 1983 distulit.
673 1919 797 2000 Cimbri,
819 1919 935 2001 repulso
960 1919 1145 2004 abAlpibus
1159 1917 1337 2005 fingatoque
1356 1921 1397 1992 Q.

310 2015 314 2030 ”
338 2005 447 2071 Catulo
458 2005 645 2087 proconsule,
661 2007 712 2090 qui
718 2003 828 2086 fauces
843 2005 968 2088 Alpium
986 2007 1154 2083 obsederat,
1169 2016 1199 2071 et
1225 2007 1269 2068 ad
1278 2007 1416 2090 flumen·

334 2092 472 2157 Athesim
485 2092 641 2156 castellnm
655 2092 937 2168 editum‘insederat
948 2093 1171 2178 reliqueratque,
1187 2092 1321 2176 ”qaum
1337 2091 1399 2156 oir-

272 2198 276 2205 ·
337 2187 402 2242 tute
415 2199 473 2243 sua
494 2178 636 2260 expliciti,
644 2175 818 2263 fugientem
837 2179 1037 2260 proconsulem
1060 2179 1279 2262 eracliumque
1299 2199 1399 2242 conse-

336 2265 405 2341 cuti,
435 2265 467 2328 in
495 2265 624 2329 Italiam
651 2261 850 2348 trajecissent,
869 2262 990 2349 juncus
1018 2263 1148 2350 eiusdem
1176 2264 1277 2330 Cotrrd
1301 2274 1330 2328 et
1360 2265 1397 2330 C.

336 2351 439 2416 Marii
454 2350 637 2430 enercitibus,
652 2351 760 2432 proelio
771 2351 852 2416 ‘victi
869 2361 942 2414 'sunt
963 2353 1004 2416 ab
1023 2353 1088 2417 eis.-
1109 2352 1141 2416 in
1165 2373 1223 2436 qno
1236 2370 1315 2415 casa
1335 2360 1398 2415 tra·

335 2435 450 2512 duntur
471 2438 600 2502 hostilem
621 2447 740 2516 centum
760 2439 969 2523 quadraginta
989 2439 1098 2518 millia,
1115 2449 1205 2522 capta
1224 2438 1396 2522 senaginta.

334 2523 360 2600 ⁹¹„
370 2525 506 2601 Marius,
523 2524 612 2588 totius
625 2524 756 2590 ciuitatis
769 2541 911 2590 consensu
926 2535 1073 2606 inceptus,
1085 2547 1141 2607 pro
1162 2524 1280 2590 motos
1294 2525 1397 2588 trium·

330 2611 410 2692 pleis,
426 2611 477 2694 qui
491 2608 713 2691 obterebantur,
725 2632 786 2676 uno
800 2619 952 2674 contentus
965 2607 1045 2692 suit.
1079 2611 1232 2676 Primores
1254 2611 1396 2686 civitatis,

334 2697 386 2781 qui
399 2695 587 2780 aliquamdiu
608 2705 641 2760 ut
654 2717 730 2762 nouo
744 2696 869 2774 bomini,
885 2700 926 2760 ad
941 2707 1042 2762 tantos
1063 2698 1185 2762 bonores
1198 2707 1304 2774 erecto,
1320 2697 1397 2761 inui-

333 2784 454 2858 deraut,
470 2791 677 2848 consonatum
691 2783 731 2846 ab
752 2805 786 2848 eo
807 2783 1018 2865 rempublicam
1023 2780 1215 2866 fatebantur.
1244 2783 1398 2850 Publicius

335 2867 511 2944 Malleolus,
527 2877 626 2932 matre
640 2869 749 2946 occisa,
767 2870 883 2951 primus
900 2871 1016 2934 bnutus
1032 2869 1123 2948 culeo,
1138 2871 1170 2934 in
1191 2891 1276 2936 mare
1286 2871 1396 2953 preci-

332 2954 446 3036 pitatus
467 2963 521 3018 est.
558 2953 680 3020 Ancilia
702 2977 767 3020 curu
792 2956 916 3038 strepitu
938 2965 1018 3020 mota
1043 2977 1116 3034 esse,
1138 2968 1297 3043 autequam
1313 2956 1395 3022 Cim·

366 3161 397 3206 ⁸9
414 3157 541 3207 Bellieorie
550 3174 576 3206 ee
593 3159 707 3209 Teutonis
717 3158 846 3220 conjunxe-
876 3157 946 3216 pium
956 3158 1185 3220 obsidebat,flumen
1194 3158 1306 3206 Atlsesim
1317 3163 1395 3204 mene·

332 3221 401 3283 runt]
415 3225 542 3270 Bellicoeie
552 3225 591 3274 irie
601 3226 714 3288 frigidum
725 3230 771 3278 est,
783 3229 846 3270 ut'et
877 3223 1099 3283 matiscentium
1116 3220 1214 3282 editum,
1229 3223 1293 3286 quud
1306 3223 1396 3270 insede·

332 3288 388 3334 bellr'
398 3303 480 3346 cauea,
493 3290 556 3349 quod
572 3292 697 3339 substituit
708 3289 845 3336 Schefferus.
878 3295 928 3346 rat,
936 3296 964 3334 ut
975 3291 1112 3353 reliquerat,
1126 3289 1259 3350 effecerunt.
1277 3302 1345 3350 quem
1356 3295 1393 3334 ta·

332 3353 397 3398 Libri
418 3359 444 3401 et
467 3359 526 3402 vett.
545 3357 598 3402 edd.
619 3358 667 3403 fere
690 3355 845 3403 insbetlr'cosis.
879 3369 933 3400 men
951 3355 1041 3402 uirtute
1061 3371 1107 3402 sua
1126 3356 1242 3414 explicita
1255 3353 1395 3414 fitgientem

331 3419 468 3466 Gronovius
483 3419 593 3479 conjicite
612 3421 771 3468 Ambronibus
782 3436 807 3467 ee
824 3426 847 3466 et
876 3422 1038 3478 proconsulem
1061 3423 1237 3482 raucisonoque
1260 3425 1397 3468 consecutus

324 3479 446 3532 ,Teutonis
460 3485 641 3548 conjuneerunt.
659 3486 765 3534 eumin
780 3485 846 3548 Epit.
879 3491 921 3532 est.
955 3485 988 3531 In
999 3485 1101 3534 ltaliam
1112 3501 1185 3548 mum
1195 3485 1278 3532 deinde
1289 3485 1398 3546 trajecis-

330 3550 438 3610 seqaenti
454 3545 594 3612 'Ambrones
609 3558 635 3598 et
651 3551 756 3598 Teutoni
775 3551 846 3598 simul
878 3556 939 3608 sent,
944 3550 1042 3612 junctis
1052 3552 1155 3612 ejusdem
1165 3551 1248 3598 Catuli
1258 3552 1339 3610 copiis,
1348 3555 1393 3597 etc·

330 3622 408 3662 cestre
418 3615 489 3661 Mutii
500 3630 650 3678 oppugnasse
660 3621 830 3664 memorentur.
878 3616 949 3673 Hreo,
966 3617 1046 3676 inquit
1061 3617 1208 3674 Gronovius,
1220 3616 1331 3663 videntur
1347 3631 1395 3662 me·
1410 3628 1416 3636 “

361 3686 394 3728 90
413 3678 845 3743 Quunrotrtuteeuasepticiti]Vett·
878 3681 937 3727 lions
952 3682 1064 3742 vulgetis,
1083 3683 1154 3729 modo
1172 3683 1260 3729 scribes
1276 3681 1395 3743 relinque·

329 3745 446 3792 editiones
463 3751 488 3793 et
507 3748 612 3808 plerique
631 3747 701 3794 MSS.
718 3745 846 3808 explicata.
876 3749 923 3804 ret,
934 3752 959 3792 et
969 3747 1019 3802 ilis,
1032 3747 1100 3810 quem
1111 3752 1200 3803 tamen,
1213 3748 1246 3795 sie
1257 3746 1359 3807 corriges
1371 3751 1396 3794 et

330 3811 436 3857 Mutavit
447 3811 568 3872 Sigonius,
579 3817 604 3859 et
614 3813 728 3872 inteiligit
739 3813 846 3860 Cimbros
878 3809 999 3872 supplens:
1028 3814 1071 3874 qni
1087 3820 1167 3859 tomen
1182 3815 1209 3860 in
1223 3813 1324 3859 castello
1334 3813 1395 3871 fie-

329 3875 453 3924 obsidione
464 3877 531 3938 qussi
550 3875 629 3926 Cstuli
646 3878 846 3925 libentionis·
877 3883 946 3936 runt,
966 3879 1056 3925 virtute
1073 3893 1118 3926 sua
1135 3878 1246 3938 mansu
1254 3877 1395 3938 fugientem

329 3955 381 3988 runs
393 3941 482 3988 Cimbri
498 3948 550 3989 tum
567 3943 668 3990 victores
685 3942 845 4004 nonexplics-
875 3943 1036 4001 proconsulem
1069 3945 1243 4004 securumque
1277 3944 1396 3990 mnsecuti

328 4005 417 4053 buntur
436 4009 548 4068 mriculo,
571 4009 610 4054 sed
633 4011 696 4055 ultro
715 4009 844 4069 perieulum
876 4015 943 4056 eunt.
975 4009 1054 4066 Digne
1069 4008 1183 4056 mensoris
1198 4009 1284 4067 virtus,
1301 4009 1329 4054 de
1346 4021 1395 4068 qus

328 4084 356 4117 uc
394 4077 505 4120 terrorem
551 4073 666 4120 Romanis
702 4073 844 4123 inferebant.
877 4074 954 4121 vide.
968 4073 1165 4134 estrumento.

255 4181 258 4190 κ
326 4136 472 4185 Membrone
491 4139 596 4199 quadem
616 4140 738 4187 Gronorio
752 4140 845 4200 inspec-
910 4145 940 4189 91
959 4139 1057 4186 Marius
1069 4141 1143 4186 totius
1160 4140 1268 4186 multatis
1283 4152 1396 4186 consensu

327 4208 359 4247 tei
384 4203 454 4270 longe
474 4205 544 4252 sltem
567 4206 693 4252 lectionem
715 4203 843 4252 exhibent:
876 4201 998 4266 eeceptue]
1018 4206 1118 4251 Videtur
1138 4205 1177 4252 hic
1194 4205 1284 4265 aliquid
1304 4205 1394 4251 deside-

328 4267 429 4320 Ctmbri.
441 4271 534 4330 repulso
552 4271 582 4316 ab
591 4271 696 4330 Alpibus
706 4271 845 4332 fiegntoque
862 4271 932 4322 ἱτιπὶ.
951 4271 1020 4330 quate
1041 4276 1103 4320 esset
1120 4285 1212 4316 summo
1229 4285 1283 4319 cnm
1298 4270 1394 4328 bonore,

328 4332 358 4395 (l.
371 4333 456 4382 Catulo
472 4337 619 4396 proconsule,
643 4337 683 4400 qul
696 4336 783 4397 sauses
799 4338 845 4384 Al-
876 4337 915 4386 vel
926 4337 1022 4395 ingenti
1031 4337 1203 4398 gratulatione.
1308 4364 1315 4372 =
1339 4335 1344 4346 '
