3154 4984
383 163 442 224 1⁷4
706 207 711 218 .
766 154 889 216 ,ΤῙΤΙ
919 153 1056 216 lell

220 339 290 394 ma
301 338 357 390 ret
380 323 534 390 uiolabit?
556 330 597 399 et,
611 318 731 404 ”burm
746 322 846 386 oneras
858 321 1012 406 Μαῖα
1026 323 1181 387 imorum
1194 321 1259 399 eos,
1270 319 1455 408 qmbue'nen

219 408 250 462 ὁ
262 407 289 458 ⁰¹
302 403 357 456 ¹⁶⁸⁶
379 411 445 476 sint
451 427 544 492 pum
557 415 675 484 imane,
688 409 787 472 sacris
800 417 917 484 arceat,
932 428 984 473 uos
995 409 1175 494 penetralia
1189 418 1291 474 nestro
1304 411 1455 474 contami·

233 549 239 556 .
380 497 456 564 nori
469 504 593 562 memte
602 494 735 560 latronis
744 515 871 578 corpore
883 495 1013 560 nadis?
1037 494 1165 560 Nobilis
1177 493 1263 560 mma
1275 506 1355 573 erat,
1365 493 1455 580 apud

208 591 333 646 'Evander
381 603 492 652 omnes
507 580 646 646 Graeeiae
659 580 814 657 civitates,
831 579 985 645 Eumenis
1000 581 1083 666 regis
1096 603 1156 667 per
1170 583 1360 656 Evandrum
1370 581 1454 645 oet-

219 662 374 772 fflmad
380 667 453 756 phio
467 689 569 754 prope
589 678 771 753 perpetrata
784 666 897 732 oaedes.
943 667 1064 754 Itaque,
1080 667 1397 756 praeterquamquod
1419 669 1453 732 in

219 733 538 841 Zffiffipotettate
560 755 782 821 Romanorum
804 777 871 819 sese
894 754 1093 842 insulamque
1118 768 1218 822 totam
1245 770 1284 821 et·
1299 755 1456 840 templum

218 857 347 904 cendam
381 843 555 930 cernebant
576 863 652 920 esee,
668 863 709 906 ne
730 841 882 906 inmerito
896 841 1024 928 quidem
1039 865 1078 906 ea
1091 842 1150 922 sibi
1165 841 1356 929 exprobrari
1377 841 1452 918 rati,

219 920 359 998 Semotma-
381 929 584 1004 Theondam,
597 928 657 1015 'qui
670 949 815 994 summus
836 929 1039 1016 magistratus
1059 928 1145 1015 apud
1160 928 1213 995 eos
1233 941 1311 1007 erat,
1330 934 1453 1026 (regem

219 987 295 1034 anua
380 1016 441 1100 ipsi
455 1015 631 1102 adpellant)
647 1015 688 1080 ad
710 1015 822 1080 Persea
845 1015 984 1092 mittunt,
1001 1015 1057 1101 qui
1077 1017 1254 1095 nunciaret,
1270 1020 1374 1102 Argoi
1393 1035 1454 1079 ειε-

380 1105 430 1172 dis
443 1105 626 1168 Euandrum
642 1103 823 1169 Cretensem.
845 1125 907 1167 esse
921 1113 1021 1168 autem
1032 1102 1159 1187 judicia
1181 1107 1267 1188 npetd
1287 1126 1349 1167 sese
1370 1125 1453 1166 more

380 1189 528 1275 mojorem
542 1199 722 1274 comparato
736 1191 775 1252 de
789 1192 840 1268 ils,
856 1191 910 1273 qui
932 1192 1062 1254 incestas
1080 1213 1189 1272 monne
1211 1192 1350 1254 intulisse
1364 1192 1452 1253 intro

379 1279 523 1344 terminos
550 1286 689 1342 sanatos
715 1277 823 1358 templi
847 1277 1001 1340 dicantur·
1046 1278 1082 1342 Si
1106 1279 1266 1364 coryideret
1291 1278 1451 1353 Evorrden

380 1364 539 1430 innoxium
549 1386 582 1428 se
595 1363 645 1426 rei
655 1363 804 1444 capitales
817 1365 920 1447 argui,
936 1365 1055 1427 ueniret
1065 1365 1109 1426 od
1122 1385 1257 1429 coruram
1272 1365 1451 1426 dicendam:

380 1452 410 1516 si
422 1453 652 1515 committerem
662 1448 789 1533 jndicio
810 1471 871 1514 non
893 1452 1031 1527 auderet,
1047 1451 1193 1530 liberaret
1207 1451 1359 1534 religione
1376 1460 1451 1512 tem·

376 1539 474 1622 plum,
488 1559 527 1602 oe
539 1535 659 1602 sibimet
677 1537 743 1619 ipse
758 1539 935 1600 consuleret.
981 1535 1125 1613 Perseus,
1142 1550 1272 1602 evocato
1289 1535 1450 1612 Evandro,

369 1622 524 1706 judicium
548 1623 697 1688 nomem·
721 1625 805 1686 nullo
822 1632 919 1706 pacto
943 1633 1048 1686 auctor
1073 1645 1154 1688 erse.-
1181 1625 1236 1687 nec
1260 1625 1376 1699 conseo,
1398 1645 1452 1685 nee

375 1711 697 1794 gratiaparemfore.
744 1709 880 1776 Suberat
895 1721 928 1774 et
941 1708 994 1772 ille
1011 1719 1123 1786 metus,
1138 1733 1179 1773 ne
1193 1711 1361 1774 damnatus
1376 1731 1451 1772 auc-

378 1807 528 1862 toremse
543 1795 671 1862 nefandi
685 1795 832 1860 facinoris
843 1795 869 1834 ²⁵
878 1795 1088 1880 protraheret.
1110 1796 1137 1835 ²⁶
1146 1800 1260 1882 reliqui
1274 1798 1351 1881 qnid
1364 1807 1449 1870 esset,

378 1885 442 1950 nisi
452 1885 625 1968 utforte‘ter
638 1885 812 1948 moriatur?
838 1882 928 1947 Nihil
942 1885 1047 1967 palam
1059 1883 1198 1948 abnuere
1210 1883 1377 1947 Evander:
1393 1883 1449 1946 sed

401 1991 488 2048 uum,
504 1991 627 2036 veneno
649 1992 682 2033 se
703 1969 797 2033 malle
817 1971 911 2047 mori,
927 1991 1023 2056 quam
1049 1969 1142 2046 ferro,
1158 1969 1305 2047 dixissen
1324 1970 1450 2034 occulte

376 1992 483 2145 pragam
510 2056 655 2142 parabat.
676 2055 763 2143 quod
785 2078 885 2142 quum
907 2056 1126 2139 renunciatum
1150 2058 1217 2142 regi
1240 2070 1329 2133 esset,
1346 2059 1448 2122 metu·

214 2139 361 2202 occiditura
376 2165 443 2222 ens,
459 2149 689 2230 ue,tamquam
703 2167 722 2208 a
737 2165 770 2206 se
784 2143 947 2208 subtracto
961 2165 1067 2228 poenee
1083 2165 1147 2220 reo,
1163 2145 1244 2208 iram
1262 2145 1449 2223 Samothra-

216 2216 311 2266 Perseo
375 2251 449 2296 cum
480 2231 513 2294 in
543 2253 575 2296 se
604 2242 813 2307 converteret,
843 2229 979 2294 interfici
1010 2229 1196 2296 Evandrum
1224 2231 1327 2318 jussit.
1351 2229 1450 2306 “Qua

374 2325 558 2403 perpetrata
584 2328 703 2384 temere
733 2317 831 2394 erede,
858 2316 956 2382 subiit
984 2317 1146 2403 extemplo
1170 2318 1324 2395 animum,
1351 2317 1385 2380 in
1415 2341 1449 2382 se

373 2404 526 2472 nimirum
556 2417 717 2489 receptam
746 2403 860 2481 labem,
891 2427 963 2490 qua
994 2404 1137 2470 Evandri
1165 2403 1289 2469 fuisset:
1321 2404 1362 2468 ab
1392 2404 1448 2468 illo

363 2491 512 2579 ,Delptas
527 2491 733 2558 ‘vulneratum
762 2490 950 2568 Eumenem,
971 2491 1013 2556 ab
1039 2515 1071 2556 se
1095 2490 1312 2558 Samothracae
1342 2490 1448 2559 Evan-

333 2643 337 2653 ,
374 2578 468 2646 drum
485 2573 634 2646 occisum.
657 2579 702 2643 ita
716 2577 781 2642 duo
803 2579 998 2642 sanctissima
1020 2578 1054 2642 in
1076 2577 1169 2643 terris
1187 2577 1317 2664 templa,
1331 2578 1366 2644 'se
1381 2599 1448 2642 uno

373 2679 513 2744 auctore,
529 2664 684 2752 sanguine
702 2663 845 2730 humano
859 2664 984 2729 violata.
1031 2664 1139 2752 Hujus
1160 2666 1206 2728 rei
1221 2665 1448 2744 crimen'con-

373 2765 470 2837 rupto
492 2752 631 2838 pecunia
653 2749 822 2830 Theonda,
843 2753 1006 2828 avertitur,
1025 2768 1062 2816 ut
1084 2752 1287 2818 renunciaret
1310 2751 1445 2840 populo,

374 2838 563 2906 Evandrum
577 2837 637 2902 sibi
651 2836 758 2923 ipsum
773 2851 910 2904 mortem
925 2838 1080 2904 conscisse
1088 2841 1110 2903 ὓ.
1220 2913 1223 2920 ¹
1357 2843 1360 2848 ’

210 2943 293 2990 Peren
303 2943 380 2992 ame.
418 2925 477 3006 VI.¹
502 2924 653 2991 Ceterum
669 2935 759 2990 tanto
773 2923 913 2990 facinore
934 2927 968 2990 in
987 2925 1118 2992 unicum
1134 2925 1279 2992 relietum
1294 2925 1445 3003 amioum,

210 3009 234 3055 οἱ
245 3015 324 3056 “²¹¹''
373 3011 414 3081 ab
428 3013 570 3099 ipseper
585 3022 634 3077 tot
648 3034 739 3077 casus
753 3017 933 3099 expertum,
948 3012 1187 3099 proditumque,
1198 3013 1276 3100 quia
1288 3033 1354 3078 non
1368 3035 1446 3098 pro-

210 3073 318 3135 sumunt
371 3097 507 3177 diderat,
521 3099 669 3164 omnium
679 3091 726 3165 ‘ab
738 3122 774 3164 se
787 3100 980 3166 abalienavit
999 3099 1134 3165 animos.
1180 3098 1247 3164 Pro
1264 3100 1446 3186 aequisque

372 3187 509 3254 tranare
535 3185 575 3251 ad
606 3185 787 3252 Romnae:
820 3186 971 3276 fugaeque
999 3185 1174 3252 eonsilium·
1196 3189 1310 3270 capere
1339 3187 1445 3252 solum

371 3295 473 3361 prope
498 3274 644 3338 relictum
669 3277 860 3362 coegerunt:
889 3275 1141 3361 Oroandemque
1168 3272 1367 3351 Cretensem,
1391 3273 1444 3338 cui

371 3374 449 3426 nota
463 3359 612 3425 Thraoiae
627 3382 683 3424 ora
698 3373 776 3436 erat,
792 3361 868 3446 quia
890 3373 1083 3424 mercaturas
1103 3362 1135 3424 in
1152 3383 1190 3424 ea
1212 3360 1344 3448 regione
1361 3359 1445 3426 sece-

370 3461 430 3526 rat,
447 3446 647 3532 adpellat,·ut
661 3467 694 3511 se
716 3447 876 3512 sublatum
900 3447 933 3510 in
956 3447 1096 3512 lembum
1119 3446 1160 3512 ad
1177 3445 1294 3533 Cotym
1310 3446 1446 3512 devehe-

209 3554 262 3602 κει
270 3555 355 3616 rugam
369 3547 428 3600 ret.
473 3533 677 3610 Demetrium
692 3546 864 3619 eatportus
880 3534 913 3599 in
925 3535 1159 3622 ,promontorio
1174 3533 1313 3620 quodem
1332 3535 1445 3600 Samo·

209 3620 317 3669 mamm
741 3687 754 3724 b
766 3692 901 3740 emaduisse
911 3692 986 3740 Groo.
998 3690 1069 3740 Crev.

368 3837 437 3888 Dum
448 3838 515 3887 enim
532 3839 666 3891 admodum
675 3839 797 3886 <lineretur
812 3841 891 3886 homi-
923 3843 1067 3889 mechantur
1085 3855 1134 3888 non
1152 3841 1170 3886 ii
1187 3845 1285 3886 tantum
1302 3839 1344 3898 qul
1363 3837 1447 3898 aliquo

367 3903 423 3950 cide
433 3903 524 3950 violare
538 3898 593 3964 ejus
606 3917 680 3963 quem
692 3904 819 3956 ,interfecit
835 3919 891 3954 een-
923 3906 1011 3952 scelere
1022 3920 1111 3954 manus
1128 3905 1282 3968 polluissent,
1294 3904 1336 3954 sed
1350 3903 1448 3962 profani

366 3967 546 4028 guine,.loeute
556 3967 582 4012 in
593 3981 667 4028 quem
679 3970 797 4030 confugit.
923 3984 1018 4029 omnes,
1030 3972 1111 4029 idest,
1122 3973 1139 4018 ii
1150 3971 1194 4033 qui
1204 3970 1279 4016 saetis
1289 3968 1381 4014 initiati
1397 3981 1447 4018 non

400 4032 432 4079 24
450 4031 529 4088 Quum
544 4032 744 4096 omnissproesotio
758 4035 889 4097 carrorum]
923 4043 1000 4083 erent.

367 4097 451 4152 Quum
466 4099 540 4150 verba
556 4097 665 4144 solennia
680 4098 769 4158 quibus
786 4105 890 4148 utuntur
955 4099 987 4147 25
998 4099 1446 4164 Prummrer]1udicuetvmnupn

367 4164 643 4223 secerdoreeantequem
655 4175 722 4216 sacra
733 4171 889 4225 peregantur,
919 4164 938 4230 l.
950 4163 1133 4215 Karmena.
1190 4189 1193 4198 ·

366 4235 465 4278 arceant,
483 4227 558 4274 sacris
575 4241 621 4281 ¹ens
640 4229 729 4288 quibua
748 4241 816 4288 purte
839 4243 888 4276 non
920 4263 924 4270 .
953 4230 985 4276 26
1002 4231 1098 4293 Reliqui
1114 4232 1172 4293 quie
1186 4228 1254 4294 erret]
1276 4232 1442 4287 tmoeneut

366 4295 424 4336 sunt
444 4304 539 4337 manus.
569 4293 688 4354 Intelligit
706 4293 767 4342 illud
789 4297 888 4343 solenne
920 4302 1004 4344 monet
1015 4297 1160 4346 Gronovius.

366 4367 474 4414 eumen,
486 4361 510 4402 et
521 4358 742 4414 notumomnibus,
754 4371 803 4418 quo
813 4359 887 4408 sacris
1271 4353 1274 4362 ’
