3120 4984
430 191 942 278 L1·i³·xbi11·0r1³·¹ii¹1i·
1065 167 1070 176 ’
1165 200 1225 282 ur

141 354 277 432 donum
291 354 454 442 auctas
466 378 533 428 aon
543 358 756 447 pugnandum
771 379 845 438 cun
860 353 1130 444 infestantium
1143 359 1257 442 titii·
1266 373 1298 422 ⁰·
1385 403 1390 412 ·

141 455 332 523 censerent,
356 443 452 508 nullis
474 446 663 540 praeparatis
685 448 933 530 commeatibus3
956 468 1054 534 quum
1077 445 1218 529 inopiaffl
1227 443 1258 486 Α·
1272 440 1300 487 ⁰·
1313 432 1367 510 se·

142 529 245 622 priua
276 529 468 611 obsidentes,
495 553 590 618 quam
617 533 745 614 obsessi,
770 535 892 614 sensuri
918 550 1029 612 essent,
1046 533 1221 598 ²⁸maxime

144 615 243 702 quod
260 616 400 684 hostiurn
415 616 502 688 hund
530 619 642 704 procul
668 619 742 686 inde
765 621 902 696 hiberna
916 637 1023 698 erant3
1046 620 1174 686 territus
1190 621 1223 682 in

142 704 364 790 Aperantiam
387 718 489 770 castra
513 707 619 771 movit.
663 709 829 792 Aperantii
854 729 937 785 eum,
959 721 1092 793 propter
1107 704 1223 771 Archi·

145 787 243 872 danti
265 789 417 880 magnam
437 791 469 876 in
493 815 531 858 ea
550 807 646 882 geute
667 794 802 882 gratiam
830 795 1124 885 auctoritatemque,
1146 813 1224 858 con·

21 880 23 1008 q
146 878 411 944 aensunmnium
427 894 635 964 acceperunt:
658 881 684 948 is
702 880 770 965 ipse
790 903 863 949 eum
883 883 1142 968 octingentorum
1162 879 1226 954 φὶς
1285 900 1288 914 ¹

21 1013 22 1018 1
145 961 255 1028 litum
288 965 416 1029 raesidio
428 964 479 1040 his
494 982 541 1030 est
554 968 754 1054 praepositus.

199 1050 237 1115 X
279 1050 345 1118 111.
368 1051 394 1091 ¹⁹
405 1051 478 1117 Rex
499 1055 730 1118 cum·minore
744 1054 910 1119 vexatione
927 1056 1146 1141 jumentorum
1168 1049 1227 1115 ho-

19 1173 21 1224 ,
147 1137 356 1222 minnmque,
372 1161 468 1224 quam
484 1151 625 1222 venerat,
641 1141 672 1203 in
689 1139 913 1206 Macedoniam
934 1141 1038 1206 rediit.
1083 1139 1226 1224 Appium

149 1237 267 1290 tamen
288 1223 366 1288 ²⁰ab
390 1225 556 1291 obsidione
573 1227 725 1292 Phanotis
748 1227 833 1292 fama
855 1227 1002 1292 ducentis
1027 1229 1065 1293 ad
1083 1229 1227 1294 Stratum
1324 1273 1325 1278 η

154 1311 271 1376 Persei
293 1311 463 1377 submovit.
508 1311 633 1389 Cleuas,
649 1336 721 1378 cum
746 1313 895 1398 praesidio
920 1314 1120 1402 inpigrorum
1135 1313 1227 1398 juve-

153 1419 237 1464 num
251 1397 422 1476 iusecutus,
439 1398 500 1464 sub
514 1399 673 1464 radicibus
687 1419 789 1486 prope
804 1400 897 1465 inviis
911 1401 1068 1466 montium
1084 1401 1124 1467 ad
1140 1397 1227 1462 mille

154 1483 327 1549 homiuum
355 1506 394 1550 ex
417 1485 544 1568 agmine
569 1486 712 1572 inpedito
735 1487 862 1566 occidit,
885 1489 925 1552 ad
955 1487 1109 1552 ducentos
1134 1486 1227 1570 cepit.

159 1572 300 1656 Appius,
324 1573 480 1656 superatis
502 1575 667 1658 angustiis,
688 1574 721 1636 iu
744 1587 980 1661 campo,qt1em
1008 1574 1160 1640 Etaeonat
1174 1595 1228 1636 vo·

158 1669 248 1739 cant,
275 1658 388 1723 stativa
416 1658 539 1723 dierum
569 1681 743 1745 paucorum
770 1659 892 1726 habuit.
947 1662 1078 1727 interim
1104 1661 1227 1736 Cleuas,

161 1745 311 1810 adsumto
324 1744 351 1784 ²²
361 1744 567 1823 Philostrato,
589 1749 644 1832 qui
661 1745 866 1830 Epirotarum
882 1761 1009 1835 gentem
1031 1747 1179 1826 habebat,
1195 1747 1228 1809 in

159 1853 273 1919 agrum
286 1831 540 1918 Antigonensem
555 1833 773 1898 transsceudit.
818 1833 1016 1899 Macedones
1030 1835 1070 1898 ad
1086 1835 1230 1920 depopu—

162 1917 313 1983 lationem
336 1917 489 2004 profecti3
515 1918 725 1984 Philostratus
747 1942 820 1985 cum
843 1921 974 1986 cohorte
988 1943 1044 1986 sua
1058 1921 1091 1984 in
1106 1919 1229 1984 insidiis

162 2004 233 2070 loco
255 2003 392 2070 obscuro
415 2004 568 2071 consedit.
590 2007 624 2069 in
638 2006 762 2092 palatos
777 2008 980 2094 populatores
995 2029 1093 2094 quum
1109 2007 1230 2091 erupis·

162 2105 232 2157 sent
253 2090 293 2156 ab
317 2091 500 2181 Antigonea
521 2093 645 2172 armati,
660 2092 815 2244 fugientes
837 2117 891 2159 eos
911 2109 1135 2181 persequentes
1151 2089 1229 2158 effu-

164 2179 229 2245 sius
259 2178 429 2244 invallem
460 2182 609 2244 insessam
637 2179 678 2245 ab
723 2181 844 2245 ostibus
872 2181 1084 2266 praecipitant.
1113 2180 1159 2245 ibi
1189 2179 1230 2246 ad

164 2266 252 2331 mille
266 2266 389 2348 occisis,
398 2281 529 2330 centum
545 2266 643 2331 ferme
658 2267 769 2350 captis,
784 2266 904 2355 ubique
917 2288 1068 2352 prospere
1083 2279 1230 2356 gestare,

163 2375 266 2438 prope
280 2353 392 2418 stativa
408 2352 507 2439 Appii
522 2364 626 2418 castra
640 2366 779 2432 movent,
796 2376 837 2417 ne
848 2376 911 2439 qua
931 2354 976 2418 ris
997 2352 1089 2416 sociis
1111 2353 1174 2416 auis
1189 2352 1231 2417 ab

166 2439 316 2504 Romano
341 2440 480 2505 exercitu
505 2439 613 2504 inferri
640 2441 750 2524 possit.
795 2441 931 2525 Appius,
954 2439 1169 2526 nequidquam
1196 2439 1231 2502 in

164 2527 214 2591 his
237 2525 315 2591 locis
341 2539 446 2592 terens
470 2539 605 2612 tempus,
630 2527 766 2591 dimissis
790 2527 1034 2612 Chaonumque,
1060 2542 1092 2591 et
1121 2527 1147 2590 si
1198 2525 1232 2589 ui

163 2613 216 2679 alii
232 2613 377 2699 Epirotae
398 2627 499 2692 erant,
515 2613 679 2700 praesidiis,
696 2637 769 2679 cum
790 2613 909 2680 Italicis
936 2612 1089 2678 militibus
1104 2612 1137 2677 in
1154 2548 1233 2700 Illy·

164 2703 267 2766 ricum
293 2722 463 2788 regressus,
488 2722 545 2786 per
570 2700 797 2766 Parthinorum
815 2703 915 2766 socias
939 2701 1037 2767 urbes
1050 2700 1082 2764 in
1098 2699 1235 2765 hiberna

163 2787 318 2854 militibus
332 2787 481 2865 dimissis,
497 2789 563 2873 ipse
577 2788 713 2854 Romam
726 2787 875 2853 sacrificii
886 2812 995 2855 caussa
1010 2788 1114 2854 rediit.
1155 2787 1232 2852 Per·

164 2897 236 2942 aeus
257 2895 298 2939 ex
322 2875 527 2941 Penestarum
553 2887 648 2962 gente
673 2875 759 2940 mille
781 2876 913 2960 pedites,
938 2878 1091 2942 ducentos
1114 2874 1234 2962 equites

165 2973 341 3037 reuocatos,
373 2961 609 3042 Cassandriam,
637 2962 788 3047 praesidio
818 2975 853 3028 ut
889 2977 1001 3037 essent,
1032 2963 1125 3026 misit·
1181 2961 1235 3026 ab

166 3049 288 3113 Gentio
302 3047 412 3112 eadem
436 3047 611 3114 adferentes
632 3049 803 3113 redierunt.
829 3071 888 3114 nec
907 3050 1023 3116 deinde
1040 3049 1119 3113 altos
1139 3061 1235 3135 atque

165 3135 244 3200 alios
259 3133 416 3198 mittendo
439 3148 561 3200 tentare
582 3157 653 3198 eum
676 3133 804 3209 destitit,
821 3157 918 3220 quum
942 3139 1117 3222 adpareret,
1134 3158 1234 3223 quan-

166 3237 235 3288 tum
258 3221 292 3286 in
314 3243 352 3285 eo
374 3221 515 3306 praesidii
537 3232 617 3286 esset
624 3244 633 3298 3
660 3243 719 3286 uec
743 3235 850 3286 tamen
873 3223 1044 3372 impetrare
1063 3221 1104 3286 ab
1126 3223 1234 3286 animo

210 3321 283 3390 sset,
298 3307 370 3372 ”ut
391 3309 553 3394 inpensam
579 3309 703 3372 iurem
727 3307 860 3372 maximi
885 3331 902 3373 a

162 3333 386 3462 lioceret****.

952 3308 1061 3375 omnia
1082 3308 1235 3374 momenti

380 3555 458 3598 *cour
467 3553 485 3600 l.
497 3565 543 3598 non
551 3553 625 3600 Gron.
637 3552 706 3600 Creu·
838 3550 952 3600 baiana
965 3553 1033 3600 End.

200 3739 231 3787 ts
239 3736 253 3765 ⁸
263 3737 375 3785 Maxime
387 3734 457 3798 quod]
470 3733 508 3782 Eo
518 3735 626 3781 marimo
637 3739 686 3780 ter·
718 3739 792 3796 auget
807 3736 891 3782 mendi
910 3733 1071 3795 suspicionem
1083 3733 1107 3778 id
1120 3733 1185 3792 quod
1200 3745 1237 3780 te·

164 3805 236 3862 ritus,
248 3803 313 3864 quod
327 3801 435 3849 hornum
452 3801 518 3846 haud
534 3799 686 3860 proculinde
718 3801 817 3860 quitnrt
835 3800 994 3847 Philostratus
1013 3811 1065 3844 nrm
1083 3793 1172 3843 atate
1185 3812 1235 3843 ruo.

164 3871 267 3916 hiberna
277 3874 353 3914 erant.
719 3867 758 3911 An
776 3866 842 3910 enirn
862 3865 1019 3925 Epirotarum
1038 3875 1098 3923 gens
1116 3862 1237 3908 contribui

200 3932 232 3980 19
249 3933 302 3980 Rex
317 3945 362 3979 non
373 3932 462 3978 minore
472 3924 602 3990 ceratinae]
618 3927 686 3974 Olim
718 3935 812 3989 poterat
829 3929 853 3975 in
871 3943 947 3976 unam
966 3928 1112 3975 cohortem?
1145 3925 1238 3988 Legerr

165 4012 219 4046 enm
240 3999 338 4046 minore.
381 3994 529 4042 Emendarit
548 3993 684 4040 Gronovius
717 4007 846 4054 possumus
862 3995 902 4040 hic
913 3993 1069 4054 Epirotarum
1090 3989 1238 4054 transfugae,

165 4077 198 4112 ex
207 4061 368 4110 Freinshemii
380 4060 507 4107 sententia.
716 4060 738 4104 si
756 4064 823 4104 recte
839 4059 877 4104 illi
893 4056 1014 4105 nominati
1033 4063 1091 4103 sunt
1109 4071 1132 4105 c.
1148 4069 1239 4119 praece·

200 4127 233 4176 to
249 4127 288 4176 At
308 4125 421 4174 obsidione
447 4121 574 4185 Phanotir]
603 4122 685 4169 Scribe
716 4123 791 4170 denti.

164 4191 292 4240 Pharrotrr.
317 4193 363 4240 Est
379 4191 446 4238 enim
466 4185 564 4239 earm.
581 4189 686 4237 Gaouo-
749 4187 780 4235 22
800 4187 968 4249 Utimprrrrom
986 4189 1011 4232 irt
1028 4201 1077 4234 rem
1093 4188 1239 4236 mraimiud

163 4269 238 4304 rrns.
716 4253 793 4299 ornata
808 4255 919 4299 momorti
938 4251 1042 4323 farao]
1068 4253 1115 4300 Hie
1137 4255 1234 4301 asteris-

197 4321 227 4369 21
246 4321 401 4378 Philostrato,
412 4320 453 4381 qui
461 4319 615 4382 Epirotarum
623 4334 681 4381 gerr-
713 4331 770 4365 cum
779 4324 924 4377 apposuerat
933 4318 1055 4380 Sigonius,
1063 4321 1128 4378 quod
1139 4332 1168 4365 ca
1178 4332 1234 4378 qun

165 4395 211 4436 tem
230 4380 338 4450 talebot]
362 4386 416 4434 Hoc
433 4386 564 4433 obscurum
585 4391 639 4443 eata
657 4392 681 4432 et
714 4385 744 4432 da
757 4383 858 4431 Olonico
869 4382 980 4446 Hispano
997 4384 1023 4431 in
1039 4385 1144 4444 epitome
1161 4379 1235 4446 hujus

751 4456 799 4511 18
