3154 4984
1354 99 1359 128 l

273 166 277 174 ’
353 212 419 302 ¹96,
646 243 649 250 ι
764 211 876 274 stat
904 203 1042 272 ntvrr

191 381 221 492 Η·
232 381 261 494 g·
272 379 328 494 fif!
345 381 460 460 ‘uitatis
472 365 813 464 accessionemsaeitis?
836 377 987 463 Equidem
996 397 1059 461 pro
1067 367 1180 460 patria
1194 365 1249 462 qui
1258 358 1349 442 letam
1362 377 1415 442 ab·

352 561 519 629 eeerserent,
533 553 568 614 lei
581 552 681 635 primi
693 550 810 616 inuenti
819 561 899 620 sant.
926 551 1011 626 Quin
1023 552 1302 634 aperimasporras,
1318 561 1349 614 et
1359 553 1414 616 irn-

281 713 283 726 f
345 636 1140 722 periremaccepimus,qaodorbisterramnracoepit?
1166 635 1415 702 Haecdiccntern

353 745 451 811 quum
462 721 632 788 multitudo
647 737 840 809 sequeretur,
858 723 1017 787 Antinous
1040 735 1072 787 et
1095 721 1283 788 Theodotus
1302 722 1336 786 in
1351 723 1416 806 pri-

355 831 437 894 mam
452 803 617 876 stationem
627 847 630 854 ,
640 809 776 895 hostiurn
796 809 997 894 inruperunt,
1013 819 1108 895 atque
1121 807 1178 888 ibi,
1192 807 1368 876 obserantes
1382 831 1416 874 se

352 896 413 982 ipsi
428 895 620 973 vulneribus,
638 895 802 960 interfecti.
825 897 901 960 urbs
921 894 1032 962 dedita
1054 907 1101 959 est
1124 895 1291 962 Romanis.
1313 896 1415 976 Simili

352 983 523 1066 pertinacia
538 982 704 1066 19(ἶερΙιιιΙὶ
724 981 874 1067 principis
899 981 1041 1047 clausum
1062 981 1268 1058 Tecmonem,
1283 983 1353 1068 ipso
1367 984 1416 1048 in-

308 1093 310 1102 ’
352 1067 492 1146 terfecto,
505 1091 562 1154 per
575 1068 768 1132 deditionem
782 1067 910 1154 recepit.
933 1070 1002 1133 Nec
1015 1065 1155 1144 Philace,
1165 1090 1224 1132 nec
1236 1069 1414 1146 Horreum,

351 1155 620 1241 obpugnationem
636 1155 786 1219 tulerunt.
810 1154 929 1220 Pacata
937 1153 1049 1238 Epiro,
1060 1154 1227 1242 divisisque
1235 1155 1268 1218 in
1284 1154 1418 1221 hiberna

351 1244 449 1326 copiis
464 1256 728 1342 peropportunus
744 1239 848 1319 urbes,
860 1263 1019 1329 regressus
1030 1241 1139 1326 ipsein
1155 1241 1326 1326 illyricum,
1339 1243 1416 1307 Sco-

350 1328 505 1430 drae,·qup
519 1349 659 1429 quinque
681 1329 775 1414 legati
790 1327 831 1398 ab
851 1327 955 1392 Roma
969 1340 1129 1403 venerant,
1144 1327 1282 1392 evocatis
1297 1349 1337 1392 ex
1348 1341 1416 1394 tota
1516 1355 1518 1360 ·

350 1436 513 1500 provincia
526 1414 735 1500 principibus,
748 1425 936 1488 conventum
951 1413 1074 1478 habuit.
1119 1413 1169 1478 Ibi
1190 1435 1249 1500 pro
1264 1415 1416 1480 tribunali

139 1569 144 1580 ,
190 1516 322 1564 Decretum
348 1502 571 1586 pronunciavit
599 1501 639 1564 dc
672 1501 826 1565 sententia
861 1499 999 1565 consilii:
1041 1501 1183 1566 Senatum
1209 1503 1416 1588 populumque

186 1581 216 1626 ‘¹⁹
225 1581 320 1643 tityrus.
347 1589 519 1652 Romanam
545 1589 669 1672 Illyrios
693 1609 762 1652 esse·
777 1587 884 1652 liberas
896 1586 1015 1670 jubere.
1036 1587 1187 1670 prasidio
1215 1610 1254 1652 ea
1282 1589 1419 1654 manilru

219 1673 224 1688 ’
347 1675 481 1757 oppidis,
493 1675 623 1750 arcibus,
635 1683 665 1738 et
675 1675 808 1738 castellis
817 1675 1093 1758 seseydedreetarnm.
1111 1675 1182 1738 Non
1192 1677 1285 1738 solum
1295 1676 1416 1752 liberas,

346 1763 400 1825 sed
412 1762 504 1824 etiam
520 1763 655 1824 inmrenes
665 1760 743 1846 fore
756 1761 896 1836 Issenses,
911 1769 941 1823 et
960 1761 1151 1838 Taulantios,
1167 1762 1421 1826 Dassaretiorum

311 1901 316 1908 .
345 1847 537 1930 ”Pirustas
552 1848 744 1922 Rhizonitas,
764 1846 946 1922 Olciniatas,
962 1850 1051 1931 quod,
1074 1847 1216 1911 incolumi
1239 1849 1361 1926 Gentio,
1377 1851 1422 1912 ad

346 1935 503 1997 Romanos
512 1934 697 2020 defecissent.
711 1933 859 1998 Daorseis
867 1953 982 2016 quoque
992 1934 1203 1998 inmanitatem
1217 1937 1311 2008 dare,·
1328 1938 1418 2020 quod,

346 2021 454 2083 relicta
477 2020 679 2094 Carauantio,
694 2041 758 2083 eam
783 2021 878 2083 annis
891 2021 935 2096 ad
949 2019 1103 2084 Romanos
1116 2021 1304 2086 transissent.
1348 2023 1419 2088 Sao-

301 2116 304 2122 ’
346 2105 509 2180 drensibas,
524 2116 553 2170 et
568 2105 819 2182 Dassarensibus,
832 2115 862 2168 et
875 2103 1103 2188 ²¹Selepitanis,
1117 2109 1282 2193 ceterisque
1292 2109 1420 2194 Illyriis,

345 2193 479 2277 uectigal
504 2193 663 2256 dimidium
678 2190 750 2274 rp'as,
766 2193 848 2276 qaod
866 2193 930 2276 regi
951 2191 977 2229 ²²
980 2194 1166 2275 pendissent.
1191 2193 1272 2258 Inde
1297 2195 1329 2258 in
1355 2207 1418 2262 tres

347 2291 453 2363 partes
479 2276 644 2365 Illyricum
669 2277 786 2342 divisit.
807 2276 834 2316 ²³
844 2298 939 2342 unam
955 2301 1025 2342 earn
1039 2277 1122 2354 fecit,
1138 2301 1210 2366 quae
1221 2303 1316 2367 supra
1330 2281 1415 2348 dictu

349 2375 413 2441 est;
449 2364 579 2428 alteram
616 2363 771 2428 Labeatas
796 2386 924 2442 omnes;
948 2365 1073 2430 tertiam
1094 2365 1415 2454 ²⁴Agr·nvonitus‚”*ct

350 2449 548 2530 Rhizonitas,
564 2464 595 2515 et
620 2450 808 2528 Olciniatas,
824 2450 1012 2537 adcolasque
1037 2469 1165 2516 corum.¹
1200 2451 1260 2517 hac
1281 2453 1417 2522 formula

347 2537 433 2687 gieta
447 2541 480 2602 iu
497 2538 636 2624 illyrico,
654 2537 722 2623 ipse
742 2538 777 2601 in
804 2535 895 2622 Epiri
923 2537 1128 2603 Passaronem
1155 2539 1187 2602 in
1213 2539 1348 2606 hiberna
1367 2564 1416 2611 re·

371 2623 418 2690 iit.
1369 2677 1371 2687 ,

183 2715 338 2828 &offis
391 2710 537 2776 XXVII.
561 2711 651 2776 Dum
676 2710 746 2776 haec
774 2713 808 2777 in
838 2712 967 2798 Illyrico
995 2727 1160 2799 genmtur,
1190 2713 1419 2800 Paullusflante

182 2845 311 2956 (ἔξω
349 2881 455 2946 Roma
467 2904 656 2970 regressum,
666 2885 706 2947 ad
719 2884 764 2948 AE
791 2884 890 2948 iulum
903 2896 934 2950 et
946 2887 1083 2973 Agassas
1097 2886 1292 2970 diripiendas
1302 2890 1417 2955 mittit:

342 2970 496 3055 Agassas
512 2970 609 3056 quod,
637 2991 733 3056 quum
803 2971 888 3034 arcio
917 2971 1040 3036 consuli
1066 2973 1268 3038 tradidissent
1292 2974 1417 3054 urbem,

346 3055 445 3141 petita
466 3055 550 3120 ultro
561 3056 710 3120 societate
728 3057 883 3134 Romana,
900 3057 1080 3137 defecerant
1095 3081 1202 3124 rursus
1214 3060 1253 3124 ad
1279 3060 1415 3127 Persea:

348 3141 582 3228 AEginiensiuru
599 3165 718 3208 novum
745 3144 865 3208 crimen
893 3159 970 3209 erat.
992 3143 1085 3210 famae
1099 3145 1140 3211 de
1154 3147 1285 3212 victoria
1298 3148 1417 3214 Roma-

347 3251 462 3292 norum
486 3229 581 3294 fidem
611 3223 676 3294 nori
710 3229 874 3307 habentes,
895 3231 929 3294 in
960 3229 1113 3317 quosdam
1136 3232 1283 3312 militum,
1306 3233 1417 3302 urbem

379 3397 409 3444 19
428 3397 523 3457 Cephali
548 3399 678 3462 principis]
714 3401 753 3447 Sic
778 3413 888 3456 nornen,
935 3401 966 3451 22
984 3401 1134 3466 Pendlrrent]
1156 3402 1274 3452 Uritatius
1295 3406 1359 3452 taret
1377 3421 1418 3468 pa·

250 3501 253 3508 .
344 3459 418 3523 hujus
429 3463 583 3524 insignisviri
594 3466 670 3512 edunt
681 3472 706 3510 et
718 3463 833 3524 Polybius
844 3465 869 3510 in
897 3466 1036 3528 pendissent.
1073 3465 1131 3514 Vid.
1149 3474 1231 3514 tamen
1248 3469 1420 3520 dchocverbo

346 3523 461 3586 Excerpt.
477 3529 507 3574 de
519 3526 584 3572 Virt.
594 3535 618 3573 et
631 3529 685 3575 Vit.
696 3531 714 3574 1.
727 3527 835 3576 XXVII.
845 3535 870 3574 et
903 3531 966 3577 Nov.
980 3529 1089 3578 Method.
1103 3530 1236 3589 Linulaat.

344 3591 396 3650 ipse
407 3591 494 3638 Livius
505 3603 578 3651 supra
589 3593 606 3641 1.
617 3593 715 3640 xant.
726 3607 747 3638 c.
759 3593 797 3640 la.
809 3592 869 3639 Vul-
934 3595 967 3643 23
985 3595 1063 3642 Unam
1073 3609 1125 3644 eam
1132 3597 1202 3660 feeit.
1211 3610 1262 3657 aaa
1277 3613 1350 3662 repra
1358 3600 1419 3647 dieta

274 3711 275 3716 ¹
343 3656 394 3714 gart
406 3649 446 3702 lric
459 3655 550 3702 habent
565 3656 709 3718 Cephalonis.
899 3659 945 3721 ert]
962 3659 1088 3708 Ubinam?
1105 3662 1151 3709 Vel
1167 3661 1207 3708 hic
1222 3664 1305 3724 aliqua
1324 3667 1420 3714 interci-

377 3706 409 3768 20
426 3719 550 3781 Pirustas]
564 3720 603 3771 Sic
613 3721 662 3782 legi
668 3717 744 3783 jussit
755 3721 868 3782 Sigonius
900 3727 996 3778 derunt,
1008 3726 1045 3770 vel
1057 3739 1109 3773 rem
1119 3739 1168 3772 uon
1179 3739 1265 3786 parurn
1281 3741 1339 3777 sane
1355 3731 1424 3778 tasti-

343 3798 374 3835 en
387 3783 519 3832 Ptolemaeo
530 3791 555 3829 et
567 3783 693 3832 Strabone.
727 3787 808 3833 Antea
825 3787 870 3834 Ti·
900 3789 994 3835 dicaam
1013 3789 1178 3851 indiligentius
1208 3795 1352 3840 transcurrit
1379 3794 1422 3842 Li·

345 3853 432 3894 rastar.
901 3852 963 3900 vius.
996 3851 1188 3912 Ututsitcerte
1203 3857 1268 3904 haud
1284 3858 1421 3906 faciledefi·

376 3913 407 3962 at
425 3913 577 3976 Selepitanis]
605 3911 721 3976 Dnjatius
732 3917 868 3976 suspicatur
902 3917 948 3962 uiri
960 3922 1039 3976 potest
1048 3931 1077 3964 ex
1089 3921 1296 3982 antecedentibus,
1304 3936 1366 3984 quos
1377 3935 1419 3984 po·

343 3979 389 4024 hoc
401 3991 490 4024 nornen
498 3983 640 4038 corruptum
651 3991 704 4024 esse
714 3993 745 4026 ex
761 3981 866 4041 Separs's,
901 3981 971 4042 pulos
982 3982 1094 4030 habuerit
1101 3984 1180 4044 prims
1189 3977 1243 4034 haet
1254 3983 1347 4050 Illyrici
1357 4001 1421 4048 pars.

343 4039 479 4102 Epettttutr,
491 4043 533 4104 qui
548 4045 613 4103 apud
625 4043 734 4090 Plinium
746 4046 866 4104 appellen·
933 4045 966 4092 ut
982 4044 1151 4111 Agrauonitas]
1179 4049 1291 4098 Fortasse
1301 4051 1422 4100 Arertala-

343 4113 392 4159 tur‚
404 4106 421 4153 1.
440 4106 488 4154 111.
500 4107 572 4155 cii.
592 4107 752 4154 Scdfortssse
770 4115 867 4156 nonest
898 4111 968 4156 nitar.
1010 4113 1149 4159 Ascrivium
1160 4116 1218 4160 urbs
1228 4123 1265 4162 est
1280 4115 1420 4174 Dalmatiae,

343 4172 408 4229 quod
424 4172 542 4218 miremur
563 4172 676 4236 ignotum
695 4174 765 4218 nobis
782 4175 867 4235 populi
899 4180 1034 4222 memorata
1045 4174 1124 4224 Plinio
1138 4184 1163 4224 et
1180 4175 1319 4227 Ptolemaeo.
1331 4181 1419 4229 Duas·

342 4245 586 4282 nomenoccurrere:
614 4249 658 4282 nec
669 4236 787 4296 quidquid
799 4239 867 4299 igno·
900 4251 971 4284 arus.
1011 4239 1058 4288 Sed
1068 4243 1099 4288 ab
1110 4240 1220 4290 Arcelaio
1228 4247 1287 4292 urbe
1298 4248 1419 4293 nonbene

342 4311 435 4353 rannus,
448 4301 531 4346 statim
543 4315 586 4360 pro
597 4307 709 4360 suspecto
727 4302 881 4363 habendum,
899 4304 1045 4351 formaretur
1064 4319 1152 4354 nornen
1172 4309 1321 4369 gentilitium
1339 4312 1420 4358 Ascri-

342 4368 388 4409 est.
483 4431 489 4440 ·
571 4433 574 4440 ,
899 4369 1002 4415 inunita.
1036 4369 1120 4418 Liceat
1130 4373 1212 4434 aliqua
1220 4375 1338 4436 ignorare.

347 2795 519 2862 adventurn
541 2797 651 2862 decern
673 2797 851 2883 legatorum
877 2797 919 2875 Q.
945 2797 1126 2865 Maximum
1152 2799 1266 2877 filiurn,
1285 2804 1353 2888 jam
1376 2806 1417 2867 ab
1509 2809 1510 2812 ’

345 455 506 549 petissent,
520 465 840 552 sepefandoaadiui:
865 463 1425 553 qreipatriamproseperireaequnm,
1531 507 1533 518 ·
1566 461 1567 468 '
