3042 4980
474 176 859 301 ‘eumenum
1089 199 1091 206 ‘
1172 191 1276 305 nixi

144 423 232 498 tatis
252 423 427 522 ‘speciem
453 445 527 523 prae
554 449 595 498 se
620 425 753 516 serant,
778 445 947 500 veremur
971 449 1019 500 ne
1045 409 1254 504 doctissimi

140 538 286 638 quique
300 566 328 652 ¹a
346 537 457 616 uubis
477 539 714 628 dissentiant,
734 542 766 616 si
792 527 857 616 eas
875 565 898 614 a
914 540 1013 615 notis
1026 535 1253 641 ¹plerumque
1346 640 1349 646 .

139 654 376 751 ablegandae
402 681 489 738 esse
512 656 764 734 statuerimus,
818 656 952 732 Liceat
986 669 1114 732 tamen
1142 658 1253 732 nubis

139 795 206 844 eas
237 771 407 859 rationes
432 770 570 870 quibus
597 770 755 846 adducti
780 769 834 846 ita
859 797 1070 866 censemus
1089 772 1253 872 ingenue

139 911 183 961 ac
206 885 428 984 simpliciter
445 910 650 985 exponere.
1101 882 1106 889 ’

189 1003 255 1077 Ac
282 1001 593 1101 primoquidem,
613 1002 679 1100 qui
697 1003 883 1077 variantes
909 1002 994 1077 illas
1013 1003 1196 1078 lectiones
1212 1005 1249 1078 in
1263 1023 1402 1071 simu1c01-

137 1140 256 1191 unum
278 1117 382 1192 velut
398 1117 622 1193 fasciculum
647 1118 845 1213 conjectes
860 1119 910 1192 ad
938 1118 1055 1193 totius
1074 1115 1156 1194 libri
1174 1120 1249 1194 cai·
1261 1088 1414 1214 ἶῗξζῖζέτῖἷ

137 1257 224 1308 cem
243 1241 453 1321 attexuere,
472 1257 604 1308 eorum
622 1257 774 1330 operam
792 1247 901 1330 grato
920 1232 1046 1309 animo
1066 1235 1249 1332 accipien-
1260 1219 1401 1344 ξῗζῗξρζῗ·

136 1349 230 1422 dam
249 1373 336 1424 esse
361 1373 441 1424 non
459 1347 732 1445 negaverimus,
751 1347 784 1422 si
810 1350 926 1424 modo
943 1349 982 1424 in
999 1375 1045 1424 ea
1070 1349 1146 1426 siut
1161 1373 1250 1426 cum
1261 1355 1360 1396 numm·

140 1463 218 1538 fide
242 1465 470 1564 judicioque
498 1465 649 1542 versati.
703 1463 790 1540 Hac
815 1466 955 1565 quippe
979 1465 1073 1549 inita
1094 1467 1249 1556 ratione,
1282 1529 1284 1534 .

139 1605 214 1655 nec
242 1581 340 1679 perit
365 1606 410 1656 ea
435 1581 578 1657 utilitas
602 1607 687 1680 quae
713 1607 762 1656 ex
787 1582 860 1658 illis
887 1581 1025 1682 percipi
1051 1594 1187 1682 potest,
1212 1597 1251 1660 et

138 1697 352 1772 occurritur
368 1698 534 1788 fastidio,
554 1723 673 1797 quum
692 1699 739 1773 ad
769 1715 833 1774 eas
850 1723 964 1774 nemu
981 1713 1159 1788 recurrat,
1177 1701 1248 1775 nisi

139 1810 198 1885 cui
218 1811 366 1888 libitum
384 1814 509 1888 fuerit.

185 1927 345 2004 Deinde
371 1929 483 2005 etiem
510 1930 575 2004 ubi
601 1955 650 2004 ex
675 1931 909 2018 deformata,
936 1932 1039 2028 quud
1067 1955 1167 2030 saepe
1193 1935 1245 2022 fit,
1258 1952 1287 1998 1n
1299 1939 1364 2000 nous

138 2043 304 2142 antiquar
330 2045 522 2144 scripturas
548 2044 728 2142 vestigiis,
756 2071 824 2144 per
849 2069 1026 2144 sagacem
1053 2032 1395 2143 conjectu-ididia

136 2183 218 2234 ram
235 2183 326 2235 vera
349 2162 466 2238 lectio
485 2163 636 2250 eruitur,
655 2160 717 2235 hic
736 2185 890 2260 quoque
907 2163 1154 2238 concedimus
1170 2189 1192 2238 e
1208 2148 1351 2272 fi-ffiss'
1361 2163 1391 2196 ⁰¹

137 2277 186 2350 de
213 2301 300 2352 esse
318 2276 531 2377 interpretis
548 2278 705 2354 lacinias
732 2278 829 2366 illae,
849 2277 986 2376 quibus
1003 2279 1105 2353 velut
1126 2278 1412 2402 gradi-:ffiffgi-

137 2394 210 2467 bus
229 2395 278 2467 ad
297 2417 424 2468 verum
452 2394 657 2491 perductus
683 2403 753 2480 est,
773 2393 952 2468 exhibere
969 2392 1113 2481 lectori,
1133 2405 1175 2468 ut
1193 2395 1306 2470 di-tur·

137 2508 272 2606 gnosci
289 2520 419 2608 queat,
436 2509 530 2608 quid
550 2519 657 2586 vetus
675 2510 859 2609 scriptura
877 2509 1016 2597 tulerit,
1036 2510 1127 2609 quid
1146 2509 1249 2609 inge·
1345 2598 1349 2606 ³

136 2623 243 2698 nium
263 2625 522 2700 emendatoris
541 2625 781 2701 adstruxerit.

184 2742 264 2818 Sed
283 2742 323 2816 in
339 2750 452 2817 nutas
478 2741 619 2839 passim
637 2741 812 2816 infercire
838 2741 1021 2814 denorum
1040 2741 1249 2838 pluriumve
1258 2761 1305 2810 Sed
1316 2764 1336 2810 i
1348 2765 1373 2810 iu
1394 2753 1396 2760 ’

134 2857 313 2932 codicum
341 2853 508 2949 nomina,
528 2869 567 2934 et
588 2869 722 2932 trunca
747 2858 956 2936 lacerarum
974 2879 1112 2932 vocum
1131 2833 1412 2954 mem-Simili?

135 2973 201 3048 bra
219 2973 477 3071 informesque
494 2973 670 3074 reliquias
688 2973 874 3069 subjicere
892 2997 1041 3072 semper
1057 2973 1189 3066 oeuliS,
1208 2977 1246 3050 id
1256 2965 1404 3070 ffinffij

135 3115 224 3164 vero
242 3088 377 3187 ingrati
391 3089 535 3164 fastidii
553 3087 814 3187 plenissimum
826 3097 896 3176 est,
912 3097 951 3163 et
964 3087 1247 3167 animosissime
1255 3086 1355 3134 ⁶¹⁰⁸¹¹¹⁸⁴

135 3205 252 3282 etiarn
271 3205 406 3280 lectori·
418 3230 601 3281 nauseam
618 3205 882 3282 excitaturum.
916 3205 1139 3304 Intelligunt
1155 3207 1247 3307 quid
1257 3231 1311 3306 use
1321 3236 1402 3278 amen

134 3320 274 3420 loquer
298 3320 325 3394 ii
353 3321 419 3419 qui
449 3320 683 3396 Gronovium
713 3319 753 3394 in
781 3345 918 3395 manus
945 3345 1152 3420 sumpsere.
1205 3323 1246 3398 Si
1255 3296 1411 3410 iiff‚‘³¹⁰'¹⁰'

134 3437 273 3534 quibus
291 3434 416 3510 minus
432 3446 547 3512 notus
573 3447 643 3524 est,
663 3437 792 3533 legant
813 3437 914 3511 hanc
932 3437 1015 3532 ejus
1031 3449 1162 3512 notem
1181 3438 1245 3514 lib.

135 3551 234 3628 Livii
252 3552 284 3628 Ι.
303 3578 338 3630 c.
359 3559 417 3628 18.
442 3553 489 3642 in,
506 3555 586 3628 haec
603 3554 729 3641 verba,
748 3555 806 3628 uti
827 3566 869 3628 tu
892 3556 1002 3656 signa
1018 3555 1122 3629 nobis
1145 3569 1247 3632 certa
1293 3621 1296 3626 .

134 3671 365 3758 adclarassis,
381 3693 539 3768 quorum
557 3671 647 3745 loeo
665 3669 757 3744 olim
774 3669 981 3766 legebatur,
995 3682 1039 3746 ut
1054 3681 1118 3745 ινα
1135 3672 1264 3772 signu,

135 3787 240 3860 nubis
254 3797 355 3880 cmc
372 3798 408 3862 et
424 3787 526 3864 clara
541 3790 629 3864 sint.
663 3793 687 3827 ‘⁸
700 3785 914 3872 Heraeam,
934 3783 1056 3884 inquit
1074 3785 1245 3873 illesam·
1287 3837 1292 3855 ,

140 3908 164 3941 “
176 3899 313 4003 diguus
329 3905 371 3977 in
386 3904 539 4004 Sigonit'
552 3902 818 3989 acclarassent,
835 3899 974 3988 Medii,
990 3900 1044 3974 uti
1062 3910 1104 3976 tu
1122 3903 1245 3989 accle-

141 4025 164 4058 “
175 4017 301 4107 russis,
320 4021 433 4094 donec
448 4044 467 4094 e
485 4017 590 4095 Fur.
608 4029 773 4094 notatum
789 4018 892 4091 vidi:
915 4016 971 4091 uti
988 4026 1028 4091 tu
1051 4017 1161 4116 signa
1176 4045 1247 4097 nu·
1360 4107 1363 4116 ¹

144 4132 233 4209 “bis
251 4145 357 4210 certa
374 4134 613 4212 adelarissis:
639 4147 675 4210 et
699 4136 805 4223 idem,
822 4137 920 4233 quod
942 4136 1067 4210 uoluit¹
1077 4133 1242 4225 Medius,

144 4255 357 4349 “prorsusc
377 4253 452 4326 aas
476 4240 888 4329 annotasse-Mardum.
938 4250 1161 4339 Vossianus,-
1188 4251 1245 4326 nti

637 4375 702 4442 123
