3120 4984
408 207 410 216 ’
445 241 541 306 ura.
562 237 675 304 xttv.
702 231 915 303 canum.
1154 242 1211 314 ‘aar

137 402 254 468 eunds
281 406 394 472 eastris
411 409 562 492 pervenit
590 396 632 473 ad
662 395 784 474 Dium:
820 409 995 493 metatique
1022 407 1050 451 *Ξ
1058 410 1118 473 sub
1142 401 1212 495 ipso
1222 435 1249 480 u.
1261 435 1288 482 c.
1301 421 1370 480 ssa'

140 494 273 574 templo,
304 515 345 558 ne
374 494 450 579 quid
481 516 574 559 sacro
601 498 633 559 in
671 496 743 560 loco
772 496 954 571 violaretur,
979 495 1080 580 jussit.
1107 496 1210 581 -Ipse,
1219 501 1251 548 A.
1260 502 1289 548 G·
1301 499 1370 578 ¹99⁶

140 577 254 642 urbem
272 580 442 666 ingressus,
459 584 539 646 sicut
560 605 625 646 non
648 583 869 670 maguan1‚.its
891 595 1079 647 exornatam
1095 565 1365 676 “pub-⁰222?

138 663 212 728 licis
227 665 307 729 locis
323 667 608 745 et⁴⁴multitudine
631 683 816 743 statuarum,
836 670 1054 753 munitamque
1075 643 1250 757 egregie,pe
1332 661 1341 682 ²

138 751 196 815 vix
213 753 289 816 satis
301 752 444 830 credere,
461 757 493 818 in
510 756 605 820 tantis
621 756 714 820 rebus
730 757 798 819 siue
819 777 929 818 caussa
945 755 1060 818 relictis
1076 777 1141 820 non
1156 757 1213 820 ali·

136 859 236 924 quem
263 839 391 904 subesse
415 840 535 906 dolum.
582 842 693 908 Unum
724 842 807 905 diem
839 840 880 905 ad
909 842 1104 925 exploranda
1128 843 1214 908 circa

138 927 250 990 omnia
279 940 432 1006 moratus,
456 941 557 992 castra
582 941 704 993 movete
740 929 875 1013 satisque
900 931 1040 1004 credens,
1067 945 1212 1013 paratam

135 1009 295 1077 frumenti
309 1015 433 1098 copiam
449 1013 527 1091 fore,
543 1015 649 1079 eodie
672 1015 712 1079 sd
728 1035 852 1078 amnem
869 1015 999 1078 nomine
1015 1013 1121 1099 Mityn
1138 1038 1213 1100 pro·

134 1101 242 1163 cessit.
289 1099 423 1164 Postero
437 1101 489 1166 die
503 1123 699 1189 progressus,
714 1103 867 1189 Agassam
882 1103 1003 1177 urbem,
1015 1103 1213 1167 tradentibus

134 1207 210 1250 sese
233 1185 319 1270 ipsis,
344 1190 480 1273 recepit:
510 1202 604 1266 etsist
629 1189 823 1274 reliquorum
852 1188 1068 1253 Macedonum
1090 1189 1214 1254 animos

134 1271 201 1335 sibi
217 1273 409 1352 conciliaret,
423 1275 586 1342 obsidibus
600 1288 775 1351 contentus,
789 1275 856 1338 sine
869 1273 1020 1359 praesidio
1033 1274 1214 1361 relinquere

134 1381 173 1422 se
188 1360 234 1422 eis
250 1359 371 1435 urbem,
389 1363 598 1448 inmunesque
613 1384 649 1426 ac
671 1363 735 1426 suis
757 1362 879 1446 legibus
895 1362 1043 1436 victuros,
1059 1374 1106 1426 est
1120 1361 1213 1446 polli-

134 1446 236 1511 citus.
283 1445 475 1535 Progressus
497 1451 572 1514 inde
593 1449 656 1514 diei
671 1450 740 1526 iter,
757 1449 796 1512 ad
813 1449 993 1514 Ascordum
1014 1448 1133 1512 flumen
1153 1471 1214 1534 -po-

136 1534 206 1596 suit
228 1544 348 1597 castra:
372 1549 413 1613 et,
429 1535 618 1622 “quantum
643 1535 828 1621 procederet
854 1534 979 1618 longius
1002 1533 1211 1612 aThessalia,

136 1641 180 1681 eo
194 1618 349 1704 majorem
368 1643 473 1685 rerum
498 1625 639 1687 omnium
664 1623 806 1707 inopiam
831 1623 977 1700 sentiens,
993 1643 1151 1709 regressus
1170 1619 1211 1688 ad
1221 1641 1306 1701 Inopia
1316 1642 1352 1687 n.

137 1707 245 1770 Dium
269 1718 331 1784 est3
356 1707 555 1773 dubitatione
577 1709 724 1773 omnibus
745 1722 877 1785 exemta,
894 1709 970 1796 quid
987 1709 1156 1773 intercluso
1171 1707 1296 1774 abborma

137 1792 310 1856 Thessalia
336 1795 522 1878 patiendum
545 1795 661 1872 fuisset,
677 1797 729 1859 cui
748 1795 860 1880 procul
880 1795 955 1858 inde
977 1795 1146 1860 abscedere
1161 1811 1212 1860 tu-

134 1893 208 1944 tum
224 1901 290 1942 uon
305 1895 396 1945 esset.
442 1882 587 1960 Perseus,
600 1884 771 1948 contractis
785 1883 818 1946 in
834 1903 933 1946 unum
950 1881 1097 1947 omnibus
1112 1884 1213 1968 copiis

138 1966 352 2052 ducibusque,
373 1972 538 2053 increpare
564 1969 730 2054 praefectos
752 1968 986 2052 praesidiorum,
1008 1983 1081 2034 ante
1103 1991 1213 2035 omnes

141 2052 407 2137 Asclepiodotum
426 2069 522 2142 atque
539 2057 709 2143 Hippiam:
733 2057 774 2122 ab
795 2055 844 2120 his
866 2054 971 2120 dicere
985 2056 1122 2121 claustra
1139 2056 1211 2122 Ma-

133 2140 286 2204 cedoniae
302 2141 417 2206 tradita
434 2142 589 2208 Romanis
611 2167 693 2210 esse:
717 2146 807 2230 cujus
828 2143 933 2228 culpae
953 2165 1025 2207 reus
1039 2164 1135 2206 nemo
1144 2145 1213 2229 jus·
1238 2171 1240 2180 ‚

139 2227 216 2302 tius,
245 2249 340 2313 quam
366 2230 443 2313 ipse,
468 2229 585 2294 fuisset.
631 2230 764 2295 Consuli
788 2243 958 2315 postquam
988 2252 1029 2294 ex
1048 2229 1113 2293 alto
1136 2251 1213 2293 con·

135 2329 250 2399 specta
270 2314 377 2380 classis
398 2337 485 2401 spem
506 2315 590 2395 fecit,
607 2339 678 2381 cum
705 2329 885 2382 commeatu
909 2338 1004 2380 naves
1018 2317 1134 2392 venire,
1152 2316 1214 2400 (in-

135 2423 220 2487 gens
234 2401 320 2464 enirn
336 2403 450 2467 caritas
465 2424 602 2467 annonas
621 2425 657 2468 ac
672 2425 773 2489 prope
794 2403 904 2487 inopia
924 2404 1005 2482 erat)
1021 2401 1062 2466 ab
1084 2401 1214 2466 invectis

132 2490 203 2574 jam
228 2503 357 2572 portum
381 2489 480 2567 audit,
496 2491 657 2555 onerarias
678 2511 774 2554 nares
791 2487 968 2577 Magnesiae
991 2488 1116 2554 relictas
1135 2511 1212 2554 esse.

140 2575 273 2639 Incerto
292 2575 377 2651 inde,
394 2577 546 2662 quidnam
567 2577 727 2666 agendum
749 2575 840 2652 foret,
860 2575 951 2656 (adeo
971 2575 1039 2639 sine
1063 2575 1129 2640 ulls
1152 2597 1214 2662 ope

140 2662 242 2725 hostis
256 2683 330 2748 quae
345 2662 543 2750 adgravaret,
558 2687 631 2730 cum
654 2665 723 2751 ipsa
745 2661 931 2728 difficultate
945 2684 1051 2726 rerum
1067 2683 1213 2749 pugnan-

137 2748 220 2812 dum
236 2757 318 2830 erat)
333 2765 572 2836 peropportune
592 2753 692 2816 literae
714 2775 734 2815 e
750 2753 805 2836 Sp.
823 2750 975 2815 Lucretio
991 2748 1106 2813 adlatae
1120 2763 1211 2814 sunt:

137 2835 269 2899 castella
284 2859 326 2914 se,
344 2859 416 2922 quoe
437 2859 532 2925 super
548 2839 672 2922 Tempe
691 2852 794 2903 essent
808 2850 839 2904 et
861 2839 945 2903 circa
962 2837 1088 2914 Philan,
1104 2850 1213 2902 tenere

141 2924 261 3023 omniq,
278 2924 495 3010 frumentique
509 2926 542 2990 in
559 2925 595 2990 iis
613 2938 644 2990 et
659 2925 791 2992 aliarum
806 2925 841 2990 iu
857 2947 950 2991 usum
965 2946 1071 2990 rerum
1087 2924 1211 3011 copiam
1289 2983 1292 2992 .

141 3029 308 3074 invenisse.

185 3096 283 3160 Vlll.
308 3096 372 3160 His
397 3119 591 3186 magnopere
613 3099 705 3164 laetus
733 3099 846 3165 consul
871 3101 912 3164 ab
939 3100 1005 3164 Dio
1030 3098 1071 3165 ad
1096 3098 1210 3164 Philan
1219 3115 1375 3166 Dtumreltn-

139 3181 240 3259 ducit,
257 3183 349 3246 simul
365 3199 402 3248 ut
415 3185 598 3270 praesidium
621 3188 687 3273 ejus
703 3187 852 3261 firmaret,
869 3188 961 3249 simul
983 3203 1020 3250 ut
1035 3187 1128 3250 militi
1143 3185 1279 3251 fruant-

132 3265 294 3348 {mentum,
307 3271 396 3356 cujus
411 3271 503 3338 tarda
517 3273 678 3341 subvectio
693 3287 770 3349 erat,
782 3271 948 3338 divideret.
994 3271 1043 3336 Ea
1059 3273 1211 3357 profectio

140 3353 256 3420 famam
274 3357 520 3445 haudquaquam
542 3360 713 3424 secundam
736 3357 862 3422 habuit..
881 3380 956 3421 narn
977 3359 1041 3434 alii,
1058 3371 1146 3424 metu
1162 3383 1211 3425 re·

130 3443 267 3508 cessisse
287 3455 360 3508 e'um
385 3445 425 3508 ab
448 3446 546 3523 hoste,
569 3446 723 3522 ferebant,
739 3447 814 3532 quia
828 3443 1005 3508 ⁴⁰msnenti
1026 3445 1212 3531 imperatori

127 3529 259 3615 proelio
274 3530 492 3598 dimicandum
506 3529 604 3598 foret:
627 3533 680 3598 alii
695 3533 722 3578 ⁴⁷
730 3533 889 3620 ignarum,
905 3529 979 3594 belli
994 3554 1067 3617 quae
1090 3531 1122 3594 in
1144 3532 1211 3596 dies

127 3797 134 3805 ι
171 3741 204 3790 42
221 3743 269 3791 Sul
288 3748 336 3806 ipso
355 3744 450 3808 templo]
467 3745 599 3806 Templum
616 3745 660 3792 Jo·
724 3745 757 3793 ld
786 3735 905 3802 Quantum
936 3739 1069 3803 procederat
1103 3740 1211 3804 longius]

128 3809 176 3870 ‚ris
193 3809 310 3871 intellige,
327 3807 398 3872 cujus
412 3813 458 3858 sub
475 3812 549 3858 finem
560 3824 582 3858 c.
597 3823 660 3870 proe·
692 3811 807 3858 Muretus
817 3816 842 3856 et
853 3808 989 3858 Gronovius
1005 3811 1127 3868 reponunt
1139 3820 1213 3868 quan·

138 3875 248 3920 cedentis
259 3877 351 3922 mentio
363 3877 427 3922 sacta
438 3881 482 3922 est.
692 3878 722 3920 to.
757 3875 805 3922 Sed
820 3875 880 3935 quid
891 3879 957 3920 vetat
973 3873 1021 3919 dici
1037 3875 1150 3931 quantum
1164 3871 1214 3922 lon·

172 3936 339 3986 eversurae
349 3941 416 4005 meis]
433 3939 521 3996 Qualia
532 3945 590 3986 sunt
601 3939 661 3992 fora
685 3941 760 4002 ,glun
782 3940 990 4000 quemadmodum
1009 3938 1074 3997 apud
1096 3935 1213 3982 Plautum

130 4003 257 4064 porticus,
268 4005 380 4052 basilicas.
548 4001 551 4008 '
682 4019 763 4066 ,quum
781 4005 859 4064 magis
879 4002 985 4050 intendas
1002 3999 1114 4048 utriculo?
1132 3999 1214 4048 Nimi-

124 4116 131 4124 ,
173 4063 378 4118 thultaaums
386 4069 530 4132 staturarum]
542 4068 601 4116 Vid.
609 4073 659 4116 not.
693 4083 749 4116 rum
768 4075 880 4130 quantum
900 4067 992 4128 regitur
1011 4081 1025 4114 a
1044 4065 1214 4128 praepositione

125 4131 181 4190 ‚su
193 4133 225 4180 ad
237 4147 258 4180 c.
269 4135 380 4194 proxime
395 4136 548 4196 precedens:
566 4131 612 4181 'et
623 4135 662 4182 in·
694 4133 955 4180 secundumintellecta.

138 4197 233 4258 tellige‚
256 4204 345 4258 praeter
363 4201 431 4249 illam
453 4200 589 4248 amicorum
612 4205 662 4248 tur·
684 4255 687 4262 ¹
728 4197 760 4245 46
776 4197 891 4244 Manena
908 4192 1055 4262 imperatori]
1071 4195 1129 4243 Vox
1143 4195 1215 4259 impe·

137 4275 217 4321 mam,
229 4275 305 4323 quam
322 4263 425 4312 Perseus
443 4265 469 4312 iu
487 4263 588 4312 classem
606 4279 663 4312 con-
696 4265 772 4310 rulers·
782 4261 881 4312 omuino
893 4263 970 4308 otiosa
980 4268 1025 4309 est.

134 4334 255 4386 gesserat,
277 4327 390 4392 aliarum*
405 4343 501 4390 quoque
525 4335 682 4394 statuarum¹
728 4327 760 4376 ll
775 4329 895 4388 Ignarum
914 4327 967 4374 belli
986 4327 1049 4391 quoe]
1066 4327 1148 4390 Magis
1167 4328 1219 4387 pla·

137 4405 187 4439 nou
198 4393 347 4443 mediocrem
359 4407 491 4444 numerum
503 4394 529 4444 iu
541 4395 601 4444 urbe
615 4393 664 4444 Dio
696 4398 770 4453 seret,
786 4398 883 4442 mutato
903 4393 1008 4440 duarum
1018 4407 1108 4443 ¹vocum
1123 4391 1219 4448 ,ordina

137 4455 222 4504 luisse.
284 4467 286 4474 ·
697 4459 881 4520 Quamcunque
895 4455 949 4505 aaut
964 4459 989 4504 ln
1004 4457 1052 4505 dles
1061 4456 1164 4521 fortuna
1179 4459 1220 4500 no·
