3120 4984
331 189 369 248 ss
620 189 625 203 ’
662 222 664 230 ,
712 151 831 244 riri
859 175 998 245 nrvrr
1051 177 1081 230 ··

163 367 199 418 v.
210 367 238 418 c.
249 367 307 418 ceo.
330 348 439 428 decem
462 368 562 415 annos
575 347 609 412 in
624 347 737 412 codem
759 361 843 415 statu
855 347 974 415 fuisset.
991 343 1004 396 .'
1019 347 1070 414 lta
1091 361 1127 413 ut
1141 350 1340 424 censuerant,
1356 347 1393 410 in

167 433 303 484 *ii-1⁷²*
332 433 493 520 Capitolio
509 435 595 501 vovit
614 435 724 500 consul
744 433 938 516 ludcs‘lieri,
952 433 1148 522 donariaqu‘e
1169 433 1250 518 dari,
1274 439 1396 520 quantit

329 545 372 588 ex
387 521 523 606 pecuma
536 522 690 586 decresset
704 533 840 599 senatus,
855 543 954 608 quum
969 534 1095 587 centum
1115 535 1148 586 et
1161 519 1395 670 quinguaginta

329 630 396 674 non
418 609 522 672 miuus
541 605 695 674 adessent.
718 619 881 691 praeunte
894 608 990 674 verba
1009 607 1132 694 Lepido
1153 619 1242 692 pontt
1267 627 1303 676 ce
1325 627 1394 684 ma·

329 694 429 771 ximo,
443 693 478 758 id
493 705 599 758 votum
614 689 796 777 susce'ptum
810 706 867 759 est.
912 693 1062 760 Eccum
1081 692 1258 759 sacerdotes
1273 691 1394 774 publici

330 779 460 855 mortui,
485 778 524 844 L.
540 778 691 850 AEmilius
711 779 823 865 Papus·
838 779 996 846 decemvir
1012 790 1243 858 sacrorum,·et·
1256 778 1299 856 Q.
1316 776 1395 842 rut.

325 868 401 935 aius
415 865 548 932 Flaccus
566 865 722 951 pontifex,
736 868 790 952 qui
804 867 910 952 priore
932 888 1017 932 anno
1038 867 1141 932 iuerat
1155 885 1279 931 censor.
1324 863 1395 928 Hie

330 951 424 1018 feda.
438 964 541 1018 morte
561 953 665 1038 periit.
710 951 762 1019 Ex
784 951 908 1018 duobus
922 951 1085 1039 fitticejm,
1102 953 1157 1040 qui
1172 964 1240 1016 tum
1266 949 1394 1036 luilly·-

210 1051 212 1058 '
330 1040 399 1112 rico
410 1038 597 1117 militabant,
612 1039 796 1104 nunciatum
810 1038 1138 1116 alterumdecessisse,
1155 1037 1288 1108 alterum
1303 1035 1395 1123 gravi

330 1139 365 1192 et
391 1123 570 1211 periculoso
591 1123 706 1190 morbo
730 1146 850 1211 agrurn
870 1133 947 1191 e'sse.
992 1125 1114 1191 Obruit·
1133 1125 1276 1189 animum
1301 1121 1397 1189 simul

173 1235 274 1283 rusius
284 1235 319 1281 ιι.
332 1211 437 1277 luctus
451 1225 633 1299 metusquer
654 1231 747 1276 mane
761 1211 894 1298 ingressi
906 1211 1086 1277 cubiculum
1101 1211 1182 1276 servi
1202 1210 1316 1296 laqueo
1336 1207 1395 1273 de-

171 1298 534 1384 uuachapendentem.
547 1298 704 1363 invenere.
747 1297 828 1363 Erat
857 1298 977 1382 opinio,
1000 1311 1072 1384 post
1100 1317 1267 1362 censuram
1290 1295 1397 1360 minus

168 1365 217 1412 ’Μ
231 1363 310 1454 ’Ῥω
311 1368 328 1408 ¹*
335 1397 514 1470 compotem
527 1382 707 1450 fuissesui:
734 1383 831 1472 vulgo
849 1383 984 1450 Junonis
1005 1384 1145 1450 laciniae
1162 1385 1240 1448 iram
1257 1381 1300 1447 ob
1320 1399 1396 1467 spc-

333 1471 445 1536 liatum
468 1469 620 1556 templum
642 1469 792 1534 alienasse
813 1481 950 1534 mentem
971 1469 1122 1536 ferebant.
1168 1468 1333 1535 Subfectus
1360 1467 1396 1536 in

333 1556 459 1622 AEmilii
481 1556 591 1621 locum·
609 1555 776 1622 decemvir
789 1555 839 1621 M.
864 1556 1008 1622 Valerius
1029 1556 1197 1622 Messalla:
1230 1555 1263 1620 in
1289 1551 1397 1644 Fuluii

332 1641 515 1729 ⁸lpontilerr¹
535 1642 597 1708 Cu.
618 1642 780 1708 Domitius
803 1642 1047 1725 Ahenobarbus,
1067 1643 1187 1730 oppido
1211 1641 1396 1707 adolescens

334 1729 602 1796 sacerdoslectus.
1387 1743 1401 1816 ’ὁ

170 1840 305 1892 c.c.sal.
378 1815 512 1880 XXIX.
536 1815 573 1880 P.
590 1815 726 1896 Licinio,
752 1816 791 1882 C.
808 1817 919 1886 Cassio
938 1817 1129 1896 consulibus,
1145 1822 1210 1881 no'u
1224 1814 1301 1880 urbs
1322 1826 1396 1878 tan·

170 1906 308 1986 Adicr.
334 1914 402 1968 tum
420 1902 609 1980 Roma'nec
631 1903 840 1981 terraltalia,
864 1904 918 1970 sed
940 1924 1050 1969 omnes
1071 1925 1160 1992 reges
1180 1903 1393 1987 civitatesque,

171 1972 199 2082 ’ἐξ
209 1971 311 2086 {2²:22⁸
333 2011 406 2076 quse
420 1989 455 2052 in
471 1988 612 2074 Europa,
627 2011 763 2076 quaeque
775 1991 809 2054 in
825 1991 903 2055 Asia
922 2002 1021 2067 erant,
1036 1985 1395 2056 converterantunimos

172 2099 241 2147 cosa
332 2074 367 2139 in
388 2095 498 2140 curam
521 2074 724 2142 Maoedonici
745 2097 783 2141 ac
809 2077 948 2143 Romam
967 2073 1053 2142 belli.
1097 2075 1272 2142 Eumenem
1294 2093 1396 2160 quum

170 2163 307 2224 exponitur
333 2173 422 2228 venis
442 2161 551 2226 odium
572 2162 762 2241 stimulabat,
785 2175 854 2228 tum
875 2181 985 2229 recens
1007 2163 1064 2241 ira,
1080 2161 1166 2250 quod
1188 2161 1305 2226 scelere
1325 2161 1396 2223 e'us

169 2229 318 2354 ffim
333 2269 436 2333 prope
457 2261 493 2331 ut
507 2248 633 2314 victima
654 2261 810 2314 macutus
829 2248 965 2334 Delphis
987 2261 1074 2315 esset.
1120 2181 1396 2331 Prusias„Bitiy·

168 2334 1396 2488 rusculi.2²¹¹’.tl‘li‘iitiiii'si'iiiiiiii‘iitiisstiii

171 2482 265 2534 pm
332 2444 653 2584 uxorishimapferrm
677 2522 708 2573 et
722 2508 807 2592 apud
831 2445 1111 2576 Phlrscavictorem
1127 2503 1249 2571 veniam
1265 2526 1322 2591 per
1344 2527 1395 2569 so-

331 2615 437 2660 rorem
467 2592 696 2680 impetrabilem
718 2592 794 2659 fore.
838 2595 1032 2672 Ariarathes,
1064 2592 1292 2679 Cappadocum
1323 2613 1393 2670 rex,

330 2691 542 2766 praeterquam
569 2679 654 2765 quod
679 2680 832 2744 Romanis
855 2703 914 2748 suo
938 2682 1068 2746 nornine
1089 2680 1209 2745 auxilia
1230 2677 1394 2765 pollicitus

330 2777 408 2842 erat,
423 2765 496 2828 ⁹⁰ex
511 2787 576 2849 quo
591 2779 646 2831 est·
655 2767 784 2851 junctus
800 2766 936 2832 Eumeni
951 2767 1124 2845 adfinitate,
1140 2766 1174 2830 in
1189 2764 1298 2830 omnia
1317 2762 1396 2828 belli

329 2851 480 2937 pacisque
507 2873 540 2914 se
565 2851 799 2918 consociaverat
827 2854 967 2919 consilia.
1012 2852 1190 2920 Antiochus
1205 2850 1396 2916 inminebat

331 2936 458 3023 quidem
479 2936 616 3024 AEgypti
632 2959 742 3026 regno,
757 2951 791 3010 et
802 2938 997 3024 ⁹1pueritiam
1021 2959 1056 3004 re
1079 2943 1113 3017 is,
1129 2951 1162 3004 et
1176 2937 1321 3004 inertiam
1343 2949 1396 3001 tu·

331 3036 437 3088 torum
451 3044 627 3107 ·spernens;
660 3038 693 3089 et
717 3025 907 3111 ambigendo
928 3026 969 3092 de
994 2963 1088 3091 ooeie
1114 3025 1222 3112 Syria⁸
1248 3043 1394 3089 caussam

331 3107 406 3174 hclli
421 3131 454 3174 se
475 3109 658 3176 habiturum
673 3110 884 3190 existimabat,
899 3125 1125 3202 gesturumque
1142 3114 1209 3176 sine
1223 3110 1289 3175 ullo
1303 3111 1395 3192 inpe-

330 3193 483 3276 dimento,
505 3197 667 3281 occupatis
690 3198 843 3264 Romanis
865 3199 898 3263 in
923 3199 1134 3264 Macedonico·
1155 3196 1247 3274 bello,
1270 3195 1304 3260 id
1325 3193 1396 3260 hel·

330 3279 415 3346 lum:
439 3296 544 3348 tamen
559 3283 666 3347 omnia
680 3295 713 3348 et
722 3307 780 3369 per
794 3307 866 3350 suos
879 3285 909 3350 le
950 3297 999 3350 tos
1014 3285 1147 3364 senatui,
1160 3296 1193 3349 ct
1205 3284 1272 3368 ipse
1282 3281 1396 3369 legatia

330 3389 441 3432 eorum
463 3369 582 3434 eximie
601 3370 758 3456 pollicitus
778 3385 856 3437 erat.
903 3307 1092 3436 Eiciemaeus
1115 3382 1247 3456 propter
1267 3381 1396 3439 oetatem

329 3453 423 3518 alieni
445 3455 538 3520 etiam
561 3468 629 3520 turn
651 3456 774 3524 arbitrii
796 3471 872 3522 erat.
903 3469 1023 3522 tutores
1049 3469 1081 3523 et
1106 3456 1223 3522 bellum
1245 3459 1395 3520 adversus

330 3539 527 3608 Antiochum
556 3542 720 3627 parabant,
749 3565 815 3628 quo
843 3543 1040 3610 vindicarent
1071 3543 1220 3610 “coelen
1255 3543 1395 3628 Syriam,

699 3699 714 3788 f
728 3697 852 3756 camera
863 3699 938 3744 omn.
950 3698 1020 3745 cm.

362 3840 395 3889 89
411 3842 524 3904 Pontifex
540 3855 568 3890 s.
582 3873 609 3888 ..
625 3842 707 3902 oppido
723 3843 849 3890 adolescens
880 3857 936 3891 mus
947 3841 1090 3904 ecquoe'rct
1093 3845 1197 3905 junctus.
1407 3881 1409 3886 .

228 3947 232 3954 .
329 3905 445 3968 sacerdos]
479 3907 638 3953 Manifestum
660 3913 698 3952 est
720 3921 805 3954 vacare
822 3906 849 3954 cl
912 3909 942 3955 91
960 3909 1094 3956 Pueritiam
1106 3908 1182 3971 rega]
1200 3907 1227 3954 Is
1245 3912 1297 3953 erat
1314 3903 1396 3952 Ptole-

329 3970 440 4027 sacerdos,
451 3986 479 4019 ac
490 3971 590 4032 proinde
600 3971 730 4017 delendum
743 3985 801 4018 esse.
826 4005 829 4012 -
878 3967 1396 4031 marusi'hilcmetor,filiusi²tolemaiEpi·

361 4033 394 4081 90
410 4035 507 4096 Ecqua
523 4039 556 4081 eet
565 4037 664 4097 junctus
679 4035 782 4082 Errmcni
795 4037 847 4096 affl·
878 4038 974 4097 phanis,
996 4041 1026 4085 de
1051 4052 1100 4098 quc
1124 4037 1216 4082 mentio
1235 4036 1300 4081 iacta
1318 4041 1356 4080 est
1378 4035 1396 4081 l.

328 4099 419 4208 nantel
444 4099 566 4146 Eumenes
582 4111 683 4145 uxorem
694 4101 796 4148 duamat
810 4103 845 4148 A·
877 4101 978 4148 xxxi.
990 4117 1010 4149 c.
1024 4104 1047 4150 ἱ.
1059 4109 1084 4148 et
1094 4102 1152 4148 alibi
1164 4101 1261 4161 saepius.

328 4162 401 4207 adami
419 4163 449 4208 is·
463 4165 547 4222 liliam,
569 4171 597 4210 ut
621 4163 743 4224 colligitur
765 4179 798 4212 cx
826 4169 843 4214 l.
909 4165 940 4214 92
959 4166 1135 4230 Ocrlcruyrlcm]
1156 4165 1195 4212 Sic
1206 4165 1328 4212 edendum
1336 4175 1396 4208 cen-

328 4225 482 4273 xxxvui.
493 4243 514 4274 e.
532 4228 572 4276 39.
593 4241 672 4287 supra.
706 4230 736 4275 lii
754 4242 842 4278 nomen
876 4231 925 4278 suit
935 4231 1081 4284 Gronovius,
1093 4243 1171 4291 quum
1185 4230 1211 4275 in
1222 4229 1312 4287 scripto
1327 4227 1402 4286 legs-¹

326 4289 558 4338 minocentaurum
573 4294 642 4338 dccet
660 4291 805 4340 Plutarchus
816 4296 841 4341 ln
875 4302 916 4341 tur
939 4295 1122 4356 coecsuyrtam.
1153 4293 1233 4341 Groecs
1252 4288 1328 4342 asiana
1347 4289 1401 4340 Σιιῖ

326 4354 368 4400 lib.
380 4356 410 4402 dc
422 4355 486 4404 nne
499 4357 596 4402 Amore.
631 4355 746 4403 Ceterum
757 4359 841 4406 malle·
874 4358 927 4424 giu.
961 4360 1061 4421 Vulgari
1075 4358 1231 4418 Coelcepricm.
1294 4360 1300 4367 ’
