3154 4984
469 203 565 266 LlB.
585 205 678 264 XLV.
706 203 811 264 CAP.
832 203 876 262 11.
1148 207 1203 268 171

127 368 372 448 ludis‘relietie,
400 368 534 435 domur·
553 391 671 458 magua
695 391 768 453 pars
794 367 960 437 hominurn
988 367 1028 433 ad
1052 366 1147 452 conju
1171 379 1352 431 esuum

130 455 313 542 liberosque
322 455 433 522 laetum
448 457 601 521 nuncium
615 457 798 541 portabunt.
843 453 973 520 Tertius
983 452 1125 518 decimus
1135 389 1204 520 sdes
1214 448 1245 496 A.
1255 447 1282 495 ⁰·
1295 445 1351 495 ¹⁶⁸*

129 555 208 619 erat,
225 542 268 606 ab
282 566 330 620 eo,
347 565 413 630 quo
425 542 459 607 in
477 541 669 608 Macedonia
684 555 863 630 pugnatum
878 553 935 607 est.
1023 599 1024 602 ,

174 629 222 694 Il.
246 628 382 695 Postero
403 630 454 694 die
477 644 604 696 senatus
626 631 658 693 in
678 632 769 696 curia
789 628 928 710 habitus,
944 625 1204 712 supplicationes-

130 735 193 802 que
216 714 364 793 decretae,
391 730 423 781 et
451 717 756 784 senatusconsultum
786 715 902 782 factum
933 726 990 790 est,
1019 724 1053 777 ut
1082 712 1204 790 consul,

127 802 243 888 ⁵quos,
258 816 377 888 praeter
393 803 509 868 milites
523 804 686 890 sociosque
708 803 844 880 navales,
860 803 1044 888 conjuratos
1060 797 1203 877 haberet,

129 889 317 954 dimitteret.
339 889 380 955 de
398 889 552 955 militibus
575 892 730 974 sociisque
751 889 914 953 navalibus
936 886 1131 952 dimittendis
1153 907 1205 950 re·

124 975 276 1054 serretur,
292 998 392 1063 quum
407 977 503 1064 legati
519 977 559 1042 ab
576 977 615 1042 L.
633 977 768 1042 AEmilio
790 975 932 1054 consule,
947 999 967 1038 a
983 971 1098 1059 quibus
1119 991 1203 1056 prae-

128 1062 245 1126 missus
269 1063 453 1129 tabellarius
476 1075 566 1142 esset,
583 1065 611 1128 ''.
655 1064 742 1128 Ante
771 1063 856 1132 dien
887 1074 1010 1132 sextum
1042 1057 1204 1132 Kalendas

130 1148 300 1227 Octobres,
323 1149 404 1214 hora
430 1154 496 1216 fere
519 1151 668 1227 secunda,
692 1150 788 1238 legati
802 1149 936 1214 ⁶urbem
958 1145 1092 1234 ingressi
1114 1157 1351 1238 ennumquam-

127 1237 293 1322 ingeutem
322 1258 429 1302 secum
459 1238 706 1314 obcurrentium,
731 1258 942 1324 quaecumque
970 1235 1069 1309 ibant,
1096 1227 1283 1317 prose-mlllb

129 1322 359 1410 quentiumque
382 1323 542 1389 trahentes
565 1323 704 1401 turbam,
721 1324 754 1388 in
776 1322 879 1388 forum
906 1320 947 1386 ad
969 1319 1110 1384 tribuual
1132 1340 1204 1403 per-

128 1421 294 1474 rexerunt.
341 1411 475 1476 Senatus
498 1409 565 1474 fore
589 1411 623 1473 in
647 1411 737 1477 curia
761 1422 846 1476 erat:
880 1431 921 1473 eo
945 1406 1066 1495 legatos
1092 1404 1204 1470 consul

128 1495 320 1561 introduxit.
367 1496 417 1562 lbi
432 1509 555 1562 tantum
571 1497 721 1582 temporis
735 1498 883 1571 ⁷retenti,
898 1495 976 1559 dum
991 1505 1202 1578 exponerent,

128 1593 256 1667 quantes
268 1583 364 1668 regite
385 1587 483 1666 copioe
498 1586 639 1666 peditum
655 1584 998 1669 equitumquefirisrmt,
1013 1589 1085 1663 quot
1103 1580 1203 1645 millio

127 1691 167 1732 erc
181 1669 231 1734 his
244 1691 333 1745 caesn,
350 1680 423 1755 quot
437 1680 531 1753 capta
540 1671 654 1754 forent
662 1695 675 1746 ,·
698 1692 789 1754 quum
801 1689 969 1752 paucorum
984 1668 1114 1731 militum
1129 1663 1203 1750 jac-

127 1765 202 1819 tura
216 1765 306 1820 tantu
321 1757 451 1821 hostium
465 1767 583 1842 strages
584 1758 683 1842 fucta
688 1791 710 1831 ,n
725 1777 816 1840 quam
830 1777 895 1822 cum
905 1756 1017 1838 paucis
1029 1775 1085 1816 ren
1094 1753 1204 1838 fugis-

127 1851 190 1906 set:
213 1845 386 1908 eristimari
398 1845 642 1910 Samothraciam
655 1845 838 1927 petiturum,
848 1850 999 1926 paratam
1016 1841 1140 1904 classem
1162 1839 1207 1910 ad

121 1931 363 2011 persequendam
384 1952 461 1996 esse.-
484 1952 579 2016 neque
598 1941 697 2008 terra,
712 1951 808 2015 neque
828 1929 912 1994 mari
923 1927 1006 1992 elabi
1021 1946 1128 2010 posse:
1152 1947 1204 1990 ea·

128 2015 200 2079 dem
222 2013 293 2080 haec
318 2015 427 2101 paullo
446 2030 520 2101 post
544 2018 576 2082 in
598 2019 784 2082 concionem
807 2014 943 2083 traducti
965 2022 1202 2098 exposuerunt:
1282 2073 1284 2078 .

128 2113 344 2188 renovataque
366 2101 487 2181 laetitie,
508 2125 608 2189 quum
630 2103 741 2170 consul
763 2103 923 2178 edixisset,
946 2111 980 2166 ut
1001 2121 1102 2166 omnes
1123 2102 1336 2188 edessanum

125 2209 224 2253 sacrae
248 2190 455 2272 aperirentur,
478 2212 539 2275 pro
562 2212 595 2254 se
613 2191 749 2278 quisque
772 2213 814 2256 ex
841 2189 996 2254 concione
1021 2185 1062 2252 ad
1125 2184 1297 2253 attissimus·

127 2275 267 2356 agendas
281 2278 328 2340 ire
344 2275 434 2352 Diir3
456 2277 641 2365 ingentique
662 2275 767 2358 turba,
781 2299 847 2342 non
862 2275 1002 2340 virorum
1024 2295 1056 2346 m
1101 2295 1131 2349 o,
1148 2271 1204 2337 sed

124 2360 219 2426 etiarn
242 2360 443 2440 feminarum,
460 2361 625 2430 ⁸conferta
641 2375 709 2429 tota
724 2361 803 2428 urbe
818 2363 964 2430 Deorum
981 2359 1202 2426 inmortalium

126 2447 255 2532 templa.
302 2449 449 2527 SenatuS,
476 2464 640 2516 revocatus
664 2448 855 2528 incuriam,
882 2445 1139 2531 supplicationes,
1159 2445 1204 2509 ob

129 2555 196 2598 rem
213 2537 339 2623 egregie
360 2550 481 2623 gestam
496 2537 537 2602 ab
554 2535 594 2602 L.
612 2536 746 2602 AEmilio
768 2534 906 2611 consule,
921 2532 957 2598 in
972 2533 1112 2618 quinque
1134 2531 1201 2596 dies

128 2621 214 2686 circa
226 2623 336 2687 omnia
350 2623 530 2709 pulvinaria
549 2623 699 2700 decrevit,
715 2623 890 2709 hostiisque
911 2619 1084 2708 majoribus
1105 2619 1202 2684 sacri-

127 2706 217 2771 ficari
241 2709 345 2794 jussit.
391 2711 505 2787 Nares,
533 2731 605 2796 quae
631 2710 664 2774 in
687 2711 798 2778 Tiberi
827 2720 948 2794 paratis
973 2706 1202 2792 instructaeque

127 2794 265 2874 stabant,
289 2812 335 2874 ut,
354 2798 381 2860 si
406 2819 462 2864 rex
485 2809 591 2884 posset
613 2798 767 2876 resistere,
791 2798 825 2860 in
847 2793 1074 2860 Macedoniam
1098 2793 1202 2858 mitte·

127 2893 249 2960 rentur,
276 2883 428 2972 subduci,
440 2900 472 2948 et
495 2887 528 2948 in
548 2885 712 2954 navalibus
735 2883 913 2951 conlocari:
937 2883 1038 2946 socios
1064 2879 1201 2958 navales,

104 2967 205 3034 'dato
227 2992 334 3036 annuo
356 2971 526 3056 stipendio,
550 2971 677 3049 dimitti,
705 2985 736 3036 et
762 2993 834 3037 cum
860 2969 911 3034 hie
936 2990 1057 3048 omnes,
1084 2967 1139 3054 qui
1167 2967 1202 3031 in

575 3093 675 3140 ²domm
686 3094 755 3140 Crev.
824 3137 825 3142 ,

160 3187 178 3250 5
195 3188 265 3244 Quor,
279 3194 367 3248 proeier
382 3191 485 3238 militer.
499 3221 505 3234 .
518 3195 648 3255 conjurator
681 3197 776 3238 morato
786 3205 860 3250 supra
872 3191 934 3236 Livii
948 3191 1001 3236 loco
1012 3189 1112 3245 milites,
1124 3201 1201 3249 quum
1212 3234 1214 3245 Α

125 3249 229 3314 haberet]
262 3255 400 3316 Conjrrrutm
421 3257 533 3304 videmur
558 3257 648 3304 intelli·
680 3258 741 3304 illud
756 3258 861 3303 alterum
873 3251 1048 3316 jusjurandum
1060 3267 1104 3301 sua
1115 3251 1201 3302 voluit·

125 3332 183 3379 gere
192 3319 279 3366 debere
290 3321 450 3380 eosquiillud
461 3327 559 3369 tanturn
567 3319 648 3384 jusju·
680 3329 731 3368 tate
744 3319 866 3383 jurarent,
879 3319 904 3366 id
919 3325 1017 3364 tantum
1032 3318 1118 3364 fecisse
1135 3322 1202 3376 port·

124 3384 230 3428 randum
242 3385 368 3440 dederent,
381 3387 411 3432 de
422 3401 471 3446 quo
479 3387 567 3435 Livius
578 3402 647 3437 rnen·
680 3401 755 3448 quam
769 3390 850 3442 essent
864 3385 890 3428 in
905 3384 1015 3431 decurias
1025 3390 1068 3428 ⁸112
1079 3381 1201 3428 “⁰¹¹¹le

126 3448 219 3493 tionem
231 3449 289 3494 fecit
299 3449 317 3495 l.
325 3448 414 3496 XXII.
422 3466 443 3498 e.
452 3447 645 3500 88.hisverbisr
680 3451 811 3506 distributi,
840 3463 868 3495 ac
894 3449 995 3507 proinde
1023 3454 1078 3507 post
1102 3446 1202 3492 solenne

127 3513 176 3572 ipsi
185 3513 249 3559 inter
258 3527 282 3558 ee
292 3514 432 3574 equites...
441 3517 530 3576 pedites
540 3520 646 3582 conjura-
680 3520 869 3574 sacramentum,
897 3519 926 3558 ut
956 3512 1036 3574 colligi
1063 3516 1144 3574 potest
1170 3523 1202 3555 ex

123 3577 245 3623 berritem
258 3576 330 3638 suge
347 3582 415 3638 utque
428 3581 572 3642 formidinis
592 3595 648 3643 ergo
680 3581 775 3642 Polybii
785 3581 847 3626 libro
857 3578 903 3626 vl.
928 3577 974 3623 Sed
991 3576 1108 3636 suspicari
1117 3587 1203 3638 possu-

124 3655 173 3688 nms
194 3641 304 3697 adituros,
322 3657 394 3705 mque
409 3659 439 3691 es
455 3647 535 3694 ordine
549 3661 649 3694 rectem·
681 3647 808 3702 mus,imo
822 3647 939 3692 debemus
954 3656 985 3688 ex
1001 3643 1047 3688 hoc
1063 3642 1124 3696 1⁰0⁰·
1139 3639 1204 3687 offil-

123 3720 170 3762 ror,
182 3714 229 3752 etc.
247 3706 296 3766 llli,
305 3721 382 3768 quum
393 3711 623 3773 hicdistinguantur
633 3727 649 3758 a
681 3725 738 3758 nem
749 3717 874 3758 mutatum
885 3721 937 3755 esse
946 3712 1075 3768 postquam
1086 3707 1129 3752 illo
1136 3703 1204 3767 jure·

123 3772 254 3830 militibus,
276 3773 431 3821 existimandi
458 3783 516 3822 sunt
539 3778 649 3823 nondum
677 3773 784 3838 jurando
794 3791 809 3822 a
820 3775 924 3823 tribunis
938 3773 1004 3832 adigi
1018 3772 1090 3832 eoepti
1101 3777 1204 3826 sunm-er

124 3835 205 3883 adami
216 3837 291 3884 inisse
303 3839 396 3884 solenni
411 3839 453 3886 illo
463 3841 560 3888 militiae
571 3855 649 3888 eucra-
681 3855 722 3888 eus
739 3843 781 3902 qui
803 3842 860 3889 lecti
881 3854 897 3886 a
916 3839 1020 3884 tribunis
1035 3838 1068 3882 in
1082 3835 1204 3896 legionem

125 3906 219 3957 mento,
240 3903 312 3964 jussu
344 3905 464 3951 consulum
489 3909 648 3962 conventuros,
682 3898 1205 3970 erant,enumiuudjusjuranuumdediffler

125 3967 309 4028 usqueinjmm
325 3968 440 4015 siiturus:
466 3984 515 4030 quo
531 3972 574 4031 qui
590 3971 647 4017 obli·
682 3972 747 4018 unde
758 3972 896 4032 diserentnr
907 3969 1033 4028 conjurati·

125 4032 179 4092 gati
190 4038 269 4090 erent,
280 4033 298 4078 ii
309 4033 410 4080 demum
417 4031 480 4096 justi
491 4037 585 4082 milites
594 4047 650 4082 een·
714 4035 730 4081 6
750 4033 836 4081 Urlem
845 4032 946 4096 ingressi
956 4036 1010 4077 suni
1021 4059 1028 4075 ι
1042 4029 1090 4078 ,σᾶ
1100 4028 1204 4075 mmai

123 4097 247 4142 rebantur.
282 4097 650 4161 Itaqueint'rahocipsocepite
677 4098 846 4162 perrexerunt]
863 4098 1037 4145 Delererbum
1047 4097 1110 4142 nebi·

123 4160 220 4206 dimissi
230 4162 346 4209 merantur
354 4171 409 4224 post
417 4167 650 4223 adventumleguto-
690 4217 693 4224 Ι
716 4161 1075 4224 ilietmti...expommnt]
1107 4160 1136 4207 ln
1151 4159 1202 4224 ¹1¹⁰0

123 4237 191 4284 rum,
203 4233 324 4286 quotquot
339 4230 366 4274 in
383 4231 488 4277 consulis
499 4232 572 4278 verbu
579 4227 648 4290 jura·
682 4229 784 4276 demum
805 4230 888 4285 verbo,
906 4233 961 4286 post
976 4225 1119 4286 interposita
1138 4227 1204 4289 lege·

125 4296 221 4345 verant,
233 4291 259 4337 id
275 4298 322 4348 est,
335 4293 352 4339 ii
366 4296 480 4358 aquibus
497 4297 595 4342 solenne
612 4307 651 4341 su·
682 4300 765 4342 torum
775 4293 841 4340 dicta
851 4294 876 4338 in
888 4299 984 4350 senatu,
993 4291 1095 4351 quiescit
1106 4291 1192 4340 ontio.
1216 4347 1220 4352 ,

124 4360 281 4401 crementum
306 4358 402 4405 militiae
424 4367 538 4407 exectum
560 4361 649 4418 iuerat,
715 4356 860 4420 BConscriq
878 4391 904 4407 ..
920 4356 1015 4404 morum
1034 4357 1205 4404 immortalium
1226 4385 1228 4390 ,

124 4416 177 4465 rive
193 4420 293 4470 militer.
326 4423 434 4483 Apparet
445 4425 544 4485 quidem
556 4437 587 4472 ex
598 4439 649 4473 me·
682 4414 779 4489 tempu]
803 4421 978 4486 Suppleerurtt.
1063 4435 1071 4450 ·
