3056 4976
279 185 318 276 u
656 211 768 272 rrrr
797 212 953 272 nrvrr
1050 223 1061 253 κ

114 387 146 433 U·
158 389 186 434 ὓ
196 392 251 436 ⁵⁸⁰·
277 379 340 444 Cn.
356 377 492 444 Sicinius
505 375 588 440 inter
608 375 791 460 peregrinos
806 389 872 442 erat
886 375 1077 453 sortitus,.C.
1094 373 1266 440 Memmius
1281 374 1331 439 Si·

115 453 145 502 *
158 455 185 500 ⁰·
197 458 251 503 ¹⁷⁹·
274 465 390 544 ailiam,
408 464 463 548 Sp.
481 460 611 538 Cluvius
627 461 816 526 Sardiniam.
862 461 1026 542 Consules,
1041 461 1084 526 ob
1098 484 1135 526 ea
1157 461 1228 526 irati
1243 481 1338 524 sena·-

275 551 333 630 tui,
350 549 472 614 Latinis
485 547 570 612 feriis
586 549 616 610 in
637 549 771 632 primam
787 569 945 633 quamque
958 547 1043 612 diem
1059 547 1194 622 indietis,
1210 547 1242 609 in
1258 567 1332 631 pro·

275 636 409 700 vinciam
424 635 565 699 abituros
578 631 663 698 essek
677 633 927 709 denunciarunt3
945 655 1003 698 nee
1018 633 1190 719 quidquam
1206 631 1335 716 reipub-

275 723 346 787 licae
361 737 497 796 acturos,
508 733 718 805 praeterqnam
730 719 815 803 quod
828 719 868 784 ad
883 719 1116 806 provinciarum
1131 717 1339 785 administra·

277 810 394 872 tionem
410 806 576 871 adtineret.
1042 825 1048 834 ’
1233 839 1236 848 ’

273 931 283 945 ι
318 894 378 958 ΧΙ.
405 893 559 968 Attalum,
590 890 672 978 regis
702 884 851 956 Eumenis
878 890 1018 966 fratrem,
1034 890 1184 978 iegatum
1213 890 1335 955 venisse

177 1043 179 1048 .
279 980 427 1056 Romam,
444 978 588 1043 Valerius
603 977 716 1042 Antias
731 976 779 1040 his
798 977 980 1042 consulibus
995 977 1114 1053 scribit,
1129 978 1170 1043 ad
1192 975 1333 1042 deferen-

276 1066 317 1130 da
331 1065 373 1130 de
388 1066 505 1130 Perseo
518 1064 660 1138 crimina,
676 1063 923 1148 indicandosque
933 1063 1103 1148 adparatus
1125 1062 1210 1128 belii.
1256 1061 1334 1126 Pin·-
1359 1077 1362 1082 ’

277 1152 359 1218 rium
381 1153 518 1226 annales,
534 1161 565 1215 et
586 1151 698 1234 quibas
719 1149 884 1214 credidisse
907 1149 1006 1226 malis,
1030 1149 1133 1234 ipsum
1159 1148 1336 1214 Eumenem

116 1246 234 1293 annena
278 1238 397 1302 venisse
417 1235 557 1302 tradunt.
603 1234 762 1298 Eumenes
782 1235 887 1322 igitur,
905 1250 940 1300 nt
957 1235 1093 1300 Romam
1108 1235 1203 1311 venit,
1219 1255 1334 1318 excep·

117 1310 217 1388 nomam
230 1324 328 1389 '“tus
349 1345 421 1389 cum
444 1335 533 1386 tanto
557 1321 687 1396 bonore,
704 1335 855 1406 qnantum
878 1343 943 1384 non
971 1321 1088 1386 meritis
1110 1333 1233 1385 tantum
1254 1322 1334 1407 ejas,

118 1381 163 1423 ω’
278 1409 333 1474 sed
348 1407 505 1474 beneficiis
515 1407 608 1471 etiam
624 1407 696 1483 suis,
707 1407 847 1494 ingentia
857 1430 928 1492 qnae
941 1407 974 1471 ia
985 1427 1059 1470 eam
1070 1420 1221 1496 congesta
1231 1419 1336 1482 erant,

277 1495 472 1560 existimaret
493 1493 600 1557 deberi
623 1492 757 1578 papulus
773 1494 944 1569 Romanus,
960 1493 993 1558 in
1010 1493 1152 1558 scitatum
1169 1505 1215 1558 est
1235 1493 1335 1557 intro-

234 1633 237 1642 ,
277 1581 400 1646 ductus.
445 1581 589 1644 Caussam
607 1579 747 1642 veniendi
767 1580 827 1644 sibi
840 1581 970 1644 Romam
983 1580 1098 1663 fuisse,
1113 1579 1207 1656 dixit,
1217 1589 1338 1662 prater·

277 1669 474 1750 cupiditatem
495 1665 613 1730 uisendi
628 1666 712 1730 Deos
731 1665 930 1748 hominesque,
947 1675 1071 1749 quorum
1092 1665 1233 1746 mnqficio
1247 1667 1281 1730 in
1297 1686 1337 1728 ea

264 1757 402 1838 sortrrnu
416 1761 500 1828 esset,
514 1773 608 1833 supra
630 1771 719 1834 quam
732 1750 802 1814 ³³ne
822 1761 931 1834 optare
950 1752 1070 1838 quidem
1091 1752 1338 1828 anduennium

117 1850 226 1896 Perseum
276 1849 423 1904 uteorum
433 1847 566 1902 moneret
578 1847 774 1913 senatumne
787 1839 896 1902 Persei
909 1838 1026 1902 conatis
1041 1837 1159 1902 obuiam
1170 1840 1241 1902 iret.
1272 1835 1341 1900 Or-

117 1919 251 1990 ’ΨΜ
277 1923 417 2006 snsinde
432 1947 451 1988 a
467 1922 602 2007 Philippi
625 1922 773 1999 consiliis,
789 1943 887 1986 necem
903 1924 1057 1988 Demetrii
1058 1923 1131 2006 fita
1145 1922 1262 1998 retulit,
1278 1925 1337 1986 ad-

116 1979 268 2093 qqqtnomu-
276 2011 425 2076 varentis
438 2011 579 2074 Βωηαπο
593 2009 669 2072 delio
674 2043 686 2082 ,·
707 2010 931 2074 Bastarnarum
942 2018 1061 2092 gentem
1075 2011 1204 2074 ercitum
1217 2008 1339 2074 sedibus

211 2151 213 2156 .
275 2099 348 2172 suis,
363 2117 487 2180 qrrormn
508 2093 753 2179 auciliissretus
775 2096 808 2157 in
825 2096 950 2158 Italiam
972 2095 1128 2160 transiret.
1173 2096 1257 2160 Haec
1271 2116 1337 2158 eum

277 2185 460 2248 volutantem
482 2183 515 2245 in
538 2183 652 2256 animo,
675 2181 842 2263 obpressum
855 2182 944 2264 sata,
967 2202 1091 2265 reguum
1112 2182 1144 2244 ei
1165 2183 1343 2266 reliquisse,

276 2291 361 2354 quern
377 2268 599 2352 infestissimum
611 2287 673 2331 esse
683 2268 824 2332 sensisset
839 2267 998 2332 Romanis.
1014 2268 1118 2350 itaque
1134 2269 1258 2344 Persea,
1273 2269 1338 2330 irre·

276 2356 458 2420 rediturium
472 2376 493 2416 a
509 2363 605 2440 patre
618 2355 753 2418 relictum
762 2354 885 2428 bellum,
899 2363 930 2416 et
943 2355 1033 2417 simul
1045 2374 1109 2416 cum
1129 2355 1257 2436 imperia
1270 2363 1340 2418 tra·

277 2443 383 2517 dian,
397 2439 424 2478 ³⁴
419 2437 552 2524 jamjam
557 2443 691 2522 paruum
702 2441 786 2502 clere
796 2439 948 2522 acfiraere
957 2439 1091 2512 omnibus
1101 2441 1247 2504 consitiis.
1262 2441 1341 2504 Flo-

277 2549 346 2591 rere
354 2523 683 2610 prsetereajuaentute,
699 2547 787 2608 quam
806 2527 930 2607 stirpem
944 2527 1038 2610 longa
1047 2546 1116 2608 pac
1129 2525 1340 2612 edideritflo-

253 2639 256 2644 ·
277 2635 346 2677 rere
360 2612 466 2694 apibus
478 2611 574 2694 regui,
573 2611 696 2696 florere
710 2614 801 2675 etiam
812 2619 920 2676 atate..
949 2611 1021 2684 Quia
1035 2631 1123 2694 quum
1137 2615 1273 2694 corporis
1287 2633 1358 2680 ra-,

278 2699 348 2762 bure
362 2719 400 2760 aa
420 2696 534 2761 uiribus
548 2697 662 2778 vigeat,
677 2697 809 2760 animum
830 2717 891 2760 esse
912 2699 1111 2762 inveteratum
1133 2699 1256 2766 diutina
1270 2707 1342 2763 arte

278 2792 370 2867 atque
383 2803 439 2846 usu
451 2782 534 2845 terti.
560 2782 633 2846 Jam
648 2783 720 2844 inde
734 2803 754 2843 a
764 2803 872 2862 puero,
882 2784 988 2864 putris
1002 2783 1205 2858 contubernia,
1222 2784 1341 2846 Rorna-

279 2871 328 2932 nis
341 2889 454 2952 quoque
467 2867 563 2942 bellis,
573 2868 787 2948 nanfinitimis
801 2877 928 2944 tantum,
938 2871 1103 2945 adsuetum,
1115 2870 1233 2934 misaam
1248 2891 1268 2932 a
1277 2891 1342 2951 pa-

277 2965 326 3022 tre
341 2957 373 3017 in
389 2954 596 3035 expeditiones
608 2955 718 3016 multas
732 2955 902 3036 uariasque.
945 2956 1018 3021 Jam
1032 2977 1071 3018 ec
1091 2975 1149 3038 quo
1169 2958 1234 3038 ipse
1255 2977 1340 3020 acce

270 3042 369 3124 pisset
383 3060 517 3123 regnum,
533 3040 639 3114 multa,
654 3059 723 3122 quse
736 3061 797 3102 non
814 3042 855 3116 vi,
872 3061 933 3102 nan
946 3043 1028 3120 dolo,
1043 3041 1220 3124 Philippru,
1235 3043 1344 3106 omnia
1453 3053 1457 3058 '
1490 3110 1495 3120 ,

277 3135 427 3208 rapertus,
437 3126 587 3207 potuisset
598 3127 715 3206 moliri,
730 3127 914 3190 admirando
934 3147 1035 3190 rerum
1048 3147 1179 3192 successu
1197 3129 1340 3194 tenuisse.

216 3257 219 3264 -
277 3212 443 3278 Accessisse
457 3213 500 3274 ad
512 3213 592 3302 uires
606 3232 681 3288 eam,
697 3231 765 3294 qua
783 3213 873 3296 longo
887 3223 1029 3296 tempore,
1044 3215 1147 3278 multis
1159 3215 1342 3300 magnisque

277 3299 395 3362 meritis
403 3306 569 3380 pareretur
574 3303 591 3374 ¹,
607 3299 831 3362 auctoritatem.
978 3311 983 3318 ’

321 3382 406 3448 XII.
433 3383 512 3446 Nam
526 3385 612 3465 apud
624 3382 757 3446 Graecice
767 3393 859 3468 atquc
866 3384 953 3448 Asiae
966 3387 1106 3451 civitates
1119 3389 1219 3451 oneri
1231 3385 1341 3471 majes-

220 3483 223 3490 '
277 3480 371 3534 tatem
384 3467 447 3554 ejus
461 3490 568 3532 omnes.
584 3491 647 3546 nec,
656 3490 719 3552 pro
730 3470 836 3552 quibus
849 3473 974 3547 meritis,
986 3493 1048 3554 pro
1059 3495 1119 3556 qua
1132 3475 1342 3557 menpicentia

230 3577 238 3588 ·
277 3565 396 3622 tuntum
410 3557 440 3618 ei
453 3555 618 3630 tribuatur,
629 3576 771 3618 canere.-
786 3578 840 3619 nec
854 3558 954 3620 dicere
963 3553 1025 3640 pro
1038 3569 1120 3622 certo
1129 3581 1227 3644 posse,
1238 3555 1340 3624 utram

265 3644 428 3726 felicitate
442 3643 477 3704 id
489 3643 621 3724 quadam
635 3639 699 3723 ejus
712 3642 844 3720 accidat,
859 3663 913 3723 an,
927 3646 1008 3727 qrtod
1020 3645 1086 3726 ipse
1098 3655 1239 3711 vereatur
1252 3647 1339 3710 dice·
1406 3674 1413 3686 ·

278 3751 323 3809 re,
339 3721 466 3792 'inuidia
488 3728 631 3790 adversus
651 3727 962 3811 Romanossanorem
985 3730 1037 3793 illi
1056 3732 1206 3796 conciliet.
1251 3732 1342 3797 Inter

489 3877 503 3915 ¹¹
514 3895 564 3926 esre
574 3881 589 3926 Ι.
600 3895 625 3926 re
636 3881 711 3927 Gran.
724 3880 792 3929 (trev.
887 3907 889 3913 ·
908 3878 916 3917 ¹
925 3891 1053 3944 pararetur
1062 3883 1128 3931 aaa.

311 4017 343 4058 ³8
360 4012 399 4058 Ne
417 4017 498 4072 aptare
517 4011 622 4076 quidem]
643 4012 709 4060 adar
729 4015 794 4076 quic·
825 4029 889 4062 mum
902 4029 929 4062 ac
943 4017 1096 4078 prrepruunr,
1109 4017 1172 4075 qaod
1189 4015 1340 4078 potissimam

278 4090 358 4138 quam.
825 4084 948 4139 spectaret.
982 4082 1026 4129 Sed
1043 4081 1228 4128 dariusridetar
1244 4083 1290 4129 hoe
1306 4083 1342 4128 lo-

313 4146 344 4186 34
361 4140 470 4203 Jumjum
490 4139 606 4204 primum]
626 4143 680 4189 Hoc
698 4155 792 4204 corrup·
827 4145 913 4204 qaendi
932 4161 1016 4210 genas,
1033 4161 1102 4208 quarn
1119 4161 1162 4208 pra
1170 4146 1277 4196 Liviana
1296 4146 1344 4194 cie·

279 4208 331 4252 tam
343 4210 388 4254 est.
422 4207 525 4263 Corripit
535 4207 667 4255 Gronovius
679 4215 794 4270 tanquam
826 4211 914 4272 gnatia.

270 4271 399 4332 ,primum
417 4271 441 4318 id
455 4279 501 4331 est,
513 4277 625 4333 tanquam
640 4273 729 4339 aliquid
746 4274 792 4335 pri·
