2940 4972
151 353 183 402 U·
193 353 223 398 C.
235 356 291 398 881.

151 419 183 468 Α.
195 418 224 464 C.
236 423 291 464 tri.

149 483 206 530 Cos.
221 483 291 528 iubi-

150 548 226 592 berna
236 559 262 592 se

149 611 250 658 confert.

325 189 365 252 94
458 184 571 243 ΤΙΤΙ
601 178 740 240 LlVll
773 179 864 240 LlB.
888 179 991 240 XLII.
1018 181 1118 244 CAP.
1142 183 1274 244 LXVII.

317 345 492 412 ”ducenta
513 347 642 423 talenta,
665 358 817 412 semestre
839 346 1044 431 stipendium,
1060 349 1215 435 equitatui
1231 363 1383 425 numerat,

314 431 449 519 ”quum
480 437 586 518 primo
605 454 746 498 annuum
769 433 846 497 dare
872 435 1095 499 constituisset.
1142 435 1275 512 Consul,
1302 451 1385 520 post—

317 541 413 605 quam
442 520 621 606 prolectum
647 518 764 584 Persea
785 519 917 596 audivit,
940 521 980 584 ad
1011 522 1165 586 Gonnum
1193 536 1297 587 castra
1320 543 1385 585 mo·

316 619 378 690 vet,
408 606 435 669 si
462 608 560 692 potiri
589 605 709 692 oppido
733 618 847 690 posset.
893 610 979 672 Ante
1008 607 1077 692 ipsa
1102 607 1228 692 Tempe
1242 611 1276 672 in
1292 607 1387 674 fauci-

316 693 375 755 bus
411 693 520 771 situm,
553 692 756 758 Macedoniae
781 693 919 757 claustra
947 695 1106 758 tutissima
1130 695 1267 778 praebet‚
1290 710 1323 759 et
1356 697 1385 758 in

315 777 513 844 Thessaliam
536 793 753 866 opportunum
785 777 1020 844 Macedonibus
1049 781 1230 846 decursum.
1277 781 1385 856 Quum

314 879 347 930 et
360 865 433 930 loco
447 879 479 930 et
492 866 643 952 praesidio
666 866 772 930 valido
785 863 812 904 ³⁴
821 866 1080 966 inexpugnabilis
1106 889 1156 932 res
1183 885 1275 944 esset,
1292 869 1387 932 absti-

221 963 224 968 '
314 951 355 1017 tit
368 952 505 1037 incepto.
551 953 590 1018 ln
615 951 834 1018 Perrhaebiam
849 951 939 1016 flexis
967 955 1144 1030 itineribus,
1173 953 1308 1018 Malloea
1323 957 1386 1040 pri-

315 1059 370 1103 mo
384 1038 495 1124 inpetu
511 1054 605 1126 capta
619 1061 657 1104 ac
681 1039 816 1123 direpta,
833 1037 960 1122 Tripoli
983 1037 1108 1125 aliaque
1132 1041 1319 1106 Perrhaebia
1340 1065 1387 1106 re·

314 1137 416 1210 cepta,
433 1125 594 1190 Larissam
609 1126 713 1190 rediit.
729 1125 804 1189 iude
829 1125 974 1190 Eumene
995 1141 1090 1210 atque
1119 1127 1227 1192 Attalo
1254 1129 1385 1193 domurn

313 1212 465 1289 remissis,
482 1213 683 1298 Misagenem
708 1211 929 1298 Numidasque
951 1215 983 1275 in
1011 1213 1146 1277 hiberna
1171 1214 1204 1277 in
1231 1216 1386 1300 proximis

315 1295 654 1364 Thessalismurbihus
682 1298 856 1364 distribuit.
878 1311 911 1362 et
926 1313 1047 1383 partem
1078 1301 1233 1365 exercitus
1258 1303 1303 1366 ita
1334 1326 1387 1382 per

313 1397 412 1450 totam
426 1385 623 1450 Thessaliam
640 1385 756 1460 divisit,
772 1399 807 1450 ut
822 1399 855 1448 et
870 1386 1003 1450 hiberna
1017 1387 1187 1451 commoda
1205 1409 1317 1453 omnes
1332 1389 1386 1454 ba-

314 1469 439 1546 berent,
456 1486 488 1536 et
517 1471 666 1557 praesidio
689 1472 821 1536 urbibus
847 1486 960 1536 essent.
1005 1473 1050 1549 Q.
1068 1472 1215 1539 Mucium
1242 1475 1385 1563 legatum
1460 1531 1465 1543 .

313 1579 387 1622 cum
417 1558 543 1624 duobus
573 1558 715 1622 millibus
737 1559 778 1622 ad
809 1557 1014 1624 obtinendam
1052 1560 1258 1626 Ambraciam
1289 1563 1383 1628 misit.

315 1643 505 1710 Graecarum
526 1645 701 1710 civitatium
716 1646 819 1710 socios
832 1667 944 1709 omnes
959 1659 1076 1730 praeter
1092 1647 1231 1711 Acbnos
1256 1649 1385 1715 dimisit.

312 1752 386 1794 cum
402 1733 563 1797 exercitus
587 1743 678 1818 parte
693 1732 853 1817 profectus
876 1733 909 1797 in
934 1731 1090 1797 Achaiam
1105 1733 1295 1813 Plrthiotim,
1315 1737 1384 1802 Pte·

313 1816 399 1882 leum
429 1817 587 1884 desertum
626 1818 702 1905 fuga
730 1819 964 1903 oppidanorum
995 1817 1095 1885 diruit
1119 1819 1383 1902 arfundamentis,

313 1903 464 1970 Antrona
477 1908 641 1970 voluntate
655 1904 828 1969 colentium
844 1907 974 1989 recepit.
1020 1905 1071 1970 Ad
1087 1906 1251 1973 Larissam
1271 1907 1385 1974 deinde

312 1991 487 2056 exercitum
501 1992 655 2056 admovit.
678 1993 755 2055 urbs
769 1991 894 2056 deserta
908 2006 993 2068 erat3
1016 1993 1049 2056 in
1065 2015 1168 2058 arcem
1181 1996 1289 2060 omnis
1305 2001 1383 2061 mul-

312 2075 418 2142 titudo
433 2092 649 2143 concesserat:
673 2099 743 2143 eam
758 2078 945 2164 obpugnare
960 2079 1155 2166 adgreditur.
1202 2080 1304 2146 Primi
1318 2106 1383 2149 om·

311 2162 402 2228 nium
433 2164 639 2242 Macedones,
669 2165 793 2252 regium
822 2165 1018 2249 praesidium,
1035 2180 1119 2231 metu
1132 2173 1346 2235 excesserant.
1366 2195 1383 2234 a

334 2249 426 2315 uibus
456 2252 558 2318 relicti
587 2251 741 2338 oppidani
770 2251 804 2314 in
827 2251 1021 2316 deditionem
1050 2253 1213 2338 extemplo
1241 2257 1382 2322 veniunt.

311 2271 465 2404 Lubitari
476 2339 562 2413 inde,
579 2354 686 2406 utrum
701 2338 883 2402 Demetrias
902 2338 990 2422 prius
1004 2339 1220 2428 adgredienda
1235 2341 1330 2422 foret,
1346 2368 1382 2408 au

311 2423 345 2488 in
377 2424 504 2491 Boeotia
531 2425 795 2512 ⁶⁵adspiciendae¹¹
815 2423 880 2490 res.¹
921 2423 1090 2504 Thebani,=
1111 2428 1301 2493 vexantibus
1334 2454 1381 2494 eos

313 2509 493 2591 Coroaaeis,
516 2514 550 2576 in
567 2513 726 2578 Boeotiam
749 2512 959 2577 arcessebant.
982 2512 1023 2577 ad
1037 2511 1152 2578 horum
1168 2536 1291 2598 preces,
1309 2518 1379 2603 quia

310 2594 452 2746 ldtibepnis
478 2601 584 2685 aptior
608 2600 708 2690 regio,
738 2621 834 2688 quam
858 2597 1027 2687 Magnesia
1055 2612 1132 2679 erat,
1164 2601 1197 2664 in
1223 2601 1380 2669 Boeotiam

336 2697 420 2749 uxrt.

508 2823 662 2872 ”vassalio
672 2824 748 2874 Gran.
760 2825 829 2871 Crev-
962 2825 1138 2886 ”admiscendae
1147 2825 1215 2872 Eaed.

343 2931 376 2980 32
392 2934 499 2982 Duronia
515 2933 616 3000 tabula]
630 2938 727 2985 Marsas
738 2940 831 3000 argenti
864 2941 973 2991 avaritia.

306 3003 432 3045 'nosnates
442 2999 529 3050 tatto.
895 3005 929 3054 84
943 3007 1138 3070 inexpugnabilia
1158 3008 1207 3072 rer]
1233 3008 1301 3073 Lege
1326 3026 1379 3059 cum

343 3059 378 3109 33
395 3061 473 3118 Quam
482 3067 563 3126 primo
584 3081 689 3115 manum
709 3067 764 3116 dore
779 3084 831 3117 con·
864 3071 987 3119 Gronovio
998 3072 1060 3122 urbs.

310 3127 436 3192 riiiar'arst]
449 3130 567 3182 semestre
579 3134 833 3195 tantumstipendium
897 3135 930 3182 35
956 3136 1118 3198 Adiplrccadae
1139 3137 1187 3200 rer]
1216 3137 1337 3200 Displicet
1358 3140 1383 3188 el

312 3195 459 3250 numeravit.
478 3201 590 3258 quamvis
609 3199 688 3258 primo
710 3201 832 3260 pollicitus
864 3200 1023 3260 adaptarentur.
1055 3203 1280 3262 Anudrpicr'eudoei
1300 3217 1380 3266 quem-

311 3261 524 3309 easetsolidumiis
533 3265 608 3312 totius
619 3265 832 3325 enuistipendium
864 3267 997 3316 admodum
1008 3280 1082 3328 supra
1098 3283 1121 3317 c.
1140 3265 1182 3314 st.
1197 3269 1259 3318 Iade
1269 3273 1379 3320 Boeotum

311 3325 462 3379 persolutum
473 3327 512 3376 in'.
544 3327 743 3378 Haerenotatur
751 3329 832 3380 Persei
864 3337 932 3394 atquc
940 3331 1051 3380 autrum
1060 3332 1250 3397 dmicenjuaa'.
