3120 4984
343 222 399 277 102
741 213 853 282 ‘flul
882 213 1020 274 mvn

179 389 318 445 meten
342 379 572 466 Macedoniam
599 379 731 460 misisse,
751 401 853 466 quum
876 378 1064 467 interrogati
1091 399 1158 444 nou
1181 379 1413 459 infitiarentur,

179 461 210 512 Α·
221 459 249 511 ⁰·
260 459 316 512 ¹⁷⁰·
338 470 428 553 apud
439 469 555 534 Persea
566 465 710 551 majorem
722 488 875 532 numerum
885 468 1129 550 sagittariorum,
1143 487 1233 552 quam
1248 469 1334 552 apud
1346 469 1417 532 lto-

342 576 456 632 manos,
472 556 819 640 militare-responsum
833 565 897 619 est:
920 555 956 618 Si
972 555 1128 619 Cretenses
1139 553 1212 618 bene
1222 556 1418 640 acgnaviter

341 644 535 708 destinarent
548 643 702 724 potiorem
715 643 830 724 papuli
844 641 1094 724 Romani„quam
1108 641 1192 726 regis
1203 643 1322 719 Persei,
1335 643 1419 704 ami-

341 730 448 800 citiam
462 729 585 808 trabere,
599 737 736 794 senatum
758 749 875 812 qaoque
888 729 1062 792 Romanum
1081 726 1132 803 iis,
1147 737 1303 812 tamquam
1324 729 1419 794 certis

341 817 631 900 smitarespmeeum
646 816 789 879 daturum
803 836 875 880 esse.
918 816 1045 880 Interea
1060 816 1245 880 nunciarent
1257 817 1332 890 stris,
1338 815 1418 896 pla-

342 924 410 968 eere
422 903 553 980 senatui,
569 903 647 966 dare
668 923 794 984 operam
817 902 983 978 Cretenses,
999 909 1043 976 ut,
1059 921 1133 986 quos
1149 902 1262 964 milites
1274 897 1418 964 ”intret

337 991 493 1074 presidia
507 990 589 1074 regis
603 989 714 1054 Persei
727 987 883 1067 haberent,
899 1008 949 1052 eas
967 989 1070 1070 prima
1084 1007 1200 1072 quoque
1213 997 1348 1070 tempore
1362 989 1419 1050 do-

343 1096 422 1140 mum
446 1084 634 1156 revocarent.
680 1071 885 1140 Cretensibus
905 1095 978 1138 cum
1005 1071 1067 1140 hoc
1092 1095 1245 1160 responso
1267 1071 1417 1150 dimissis,

182 1177 323 1224 chuciden·
345 1159 569 1228 Chalcidenses
588 1162 711 1238 vocati3
732 1159 904 1247 ³³qnorum
927 1159 1044 1245 legatio
1064 1159 1134 1245 ipso
1155 1161 1300 1236 introitu,
1316 1159 1358 1224 ob
1379 1155 1417 1224 id

181 1243 313 1304 salegast
345 1247 433 1335 quod
461 1247 599 1314 Mictio‘
624 1247 773 1332 princeps
797 1269 907 1312 eorum
937 1246 1072 1332 pedibus
1097 1261 1210 1332 ceptus
1233 1245 1348 1310 lectica
1371 1255 1422 1332 est

345 1334 523 1411 introlatus,
547 1333 669 1399 ultimae
690 1333 885 1400 necessitatis
906 1333 1070 1418 extemplo
1092 1332 1245 1398 viseres:
1268 1331 1335 1396 2“in
1353 1354 1419 1419 qua
1513 1379 1516 1384 -

344 1423 391 1488 ita
405 1420 532 1486 adiecto
546 1419 708 1486 excusatio
722 1421 920 1499 valetudinis,
934 1433 989 1485 aut
1004 1443 1044 1485 uc
1058 1419 1120 1504 ipsi
1134 1419 1267 1506 quidem
1278 1417 1420 1503 petenda

183 1536 293 1590 ouans
302 1537 332 1584 e,
345 1509 414 1574 visa
426 1507 518 1586 foret,
533 1520 590 1572 aut
603 1506 680 1572 data
693 1507 814 1591 petenti
835 1528 899 1572 non
915 1518 1005 1572 esset.
1050 1505 1163 1584 Quum
1184 1505 1246 1571 sibi
1260 1504 1341 1569 nihil
1355 1505 1421 1571 vivi

185 1605 254 1666 Meg.
265 1604 337 1652 mom.
346 1593 517 1680 reliquum,
532 1605 744 1679 praeterquam
767 1595 910 1682 linguam
932 1593 973 1658 ad
994 1591 1207 1679 deplorandus
1221 1593 1335 1678 patriae
1349 1615 1420 1658 suae

346 1681 551 1758 calamitates,
574 1678 726 1767 praefatus
747 1695 838 1758 esset,
857 1681 1005 1765 exposuit
1026 1680 1162 1744 civitatis
1185 1679 1325 1764 primum
1351 1701 1420 1744 suae

346 1765 521 1848 benefacta,
547 1779 580 1832 et
603 1781 718 1844 vetere,
744 1779 775 1831 et
798 1787 844 1844 ea,
868 1789 941 1853 quae
963 1766 1072 1834 Persei
1094 1767 1179 1830 bello
1197 1765 1420 1852 praestitissent

345 1854 481 1920 ducibus
502 1853 756 1939 exercitibusque
779 1853 951 1918 Romanis:
974 1865 1043 1918 tum
1066 1876 1138 1940 quse
1161 1855 1268 1938 primo
1291 1853 1331 1916 C.
1350 1851 1420 1918 Lu-

346 1941 462 2008 cretius
482 1941 516 2004 in
536 1939 706 2028 populares
727 1962 801 2004 suos
821 1952 943 2026 prester
965 1941 1129 2004 Romanus
1151 1939 1296 2040 superbe,
1312 1960 1419 2016 avare,

346 2027 518 2104 crudeliter
540 2027 678 2102 fecisset:
701 2025 818 2091 deinde
839 2049 912 2112 quac
933 2039 1003 2091 tum
1024 2049 1097 2091 cum
1113 2048 1253 2090 maxume
1268 2025 1307 2090 L.
1325 2025 1420 2090 Hor·

346 2114 466 2182 tensius
480 2113 607 2181 faceret.
652 2111 933 2192 Quemadmodum
957 2114 1066 2178 omnia
1080 2113 1150 2190 sibi,
1167 2112 1261 2178 etiam
1278 2112 1328 2190 iis,
1344 2134 1420 2198 quae

346 2200 520 2288 patiantur,
543 2200 692 2277 tristiora,
716 2199 865 2285 patienda
887 2211 959 2264 esse
975 2199 1095 2276 ducant
1118 2199 1236 2287 potius,
1259 2221 1359 2286 quam
1384 2221 1419 2264 se

346 2287 465 2356 dedant
483 2287 581 2352 Persi.
627 2287 719 2366 thod
731 2289 775 2350 ad
788 2288 965 2352 Lucretiam
979 2286 1237 2370 Hortensiumque
1250 2288 1420 2362 adtineret,

347 2377 435 2452 scire,
451 2376 653 2461 tertiusfltisse
666 2375 808 2439 claudere
816 2383 936 2456 portas,
949 2395 1039 2458 quam
1049 2376 1084 2437 in
1094 2373 1198 2436 urbem
1209 2394 1259 2437 eos
1269 2373 1421 2455 accepere.

346 2461 466 2540 &Quid
486 2464 681 2531 eaelusissent
699 2482 758 2538 eos,
776 2461 966 2536 Emathiam,
983 2459 1205 2544 Amphipolim,
1221 2460 1420 2537 Maroneam,

347 2552 474 2627 AEnum,
496 2551 657 2614 incolumes
677 2569 756 2612 esser
782 2549 869 2630 apud
888 2569 920 2610 se
940 2548 1054 2630 templa
1075 2546 1212 2612 omnibus
1232 2546 1423 2617 merammetis

348 2637 533 2719 compilatas
559 2633 790 2717 ³ispoliataque
816 2635 1012 2718 sacrilegiis·
1035 2633 1070 2698 C.
1092 2634 1268 2698 laceretium
1289 2631 1422 2698 nauibus

350 2723 484 2790 Antium·
494 2723 657 2800 deaemme,
668 2720 768 2783 libera
783 2740 913 2801 corpora
929 2721 963 2783 in
976 2722 1151 2784 seruitutem
1164 2719 1422 2804 abrepta,fortu-

350 2829 409 2874 nas
421 2809 568 2878 sociorum
585 2808 699 2889 papuli
715 2807 851 2870 Romani
865 2807 1007 2888 direptas
1018 2828 1090 2884 esse,
1099 2816 1136 2871 et
1155 2807 1293 2891 quotidie
1307 2807 1422 2888 diripi.

351 2895 450 2974 Nam,
470 2916 509 2958 ee
529 2895 671 2958 instituta
695 2894 731 2958 C.
745 2893 898 2971 Lucretii,
916 2893 1116 2972 Hortensium
1137 2915 1254 2978 quoque
1275 2894 1311 2956 in
1332 2894 1423 2957 tectis

350 2983 449 3046 ieieme
456 2981 583 3063 pariter
596 2988 689 3062 atque
698 2988 806 3043 astate
816 2981 941 3044 nauales
951 2982 1046 3043 socios
1057 2980 1178 3058 trabere,
1190 2991 1221 3044 et
1234 2982 1337 3043 ᾱοηιοε
1349 2999 1424 3044 neas

347 3069 460 3152 menas
470 3067 561 3132 ueta
571 3067 700 3130 nautica
709 3087 789 3138 esse.-
808 3069 928 3130 versari
941 3069 1024 3131 inter
1036 3087 1078 3142 se,
1090 3065 1241 3151 conjuges,
1252 3066 1425 3150 liberasque

350 3172 429 3232 sams,
444 3151 472 3200 ⁸⁷
479 3153 587 3238 quibus
600 3154 682 3218 nihii
695 3173 792 3237 neque
805 3153 906 3218 dicere
916 3153 1018 3236 pensi,
1032 3153 1253 3238 nequefaeere.

351 3301 473 3434 &tatae
483 3306 558 3354 Grou-
622 3306 750 3354 ‘Midian
760 3307 835 3354 Grau.
846 3303 916 3355 Cres.
978 3305 992 3344 ἃ
1004 3305 1061 3363 Quo
1071 3307 1148 3357 Gran.
1195 3305 1335 3370 ‘sputaque
1345 3308 1423 3358 saer&

439 3384 489 3418 rev.

386 3481 419 3532 Si
436 3483 630 3546 intraproesids'a
646 3485 720 3550 regie]
743 3485 783 3533 Sic
792 3486 873 3546 prima
904 3491 948 3534 aut
966 3491 1051 3547 petens
1072 3499 1122 3534 non
1139 3487 1300 3548 inrpetresset,
1321 3503 1426 3538 excusa-

353 3549 439 3609 editio,
449 3555 511 3596 teste
522 3550 639 3606 Hearnio,
649 3551 738 3598 melius
749 3563 833 3612 quam,
844 3556 873 3597 ut
904 3553 970 3599 tione
991 3552 1147 3610 valetudinis,
1162 3554 1261 3600 veniam
1278 3547 1354 3616 hujus
1370 3561 1424 3602 tam

353 3615 508 3672 recentiores,
519 3616 581 3662 inter
593 3617 715 3675 presidia.
747 3616 803 3664 vid.
820 3621 875 3666 not.
904 3617 971 3676 longi
987 3622 1086 3676 tamque
1103 3616 1217 3664 laboriosi
1236 3619 1352 3668 Chalcide
1374 3619 1426 3667 tto-

354 3677 720 3728 to.ae-1.xxxv111.c.11.
782 3735 785 3742 ¹
903 3681 1084 3730 mmitineris.

386 3744 420 3794 33
437 3743 698 3806 Qummlegedia-lpsi
713 3746 869 3794 introitu...
934 3747 967 3794 35
991 3745 1039 3802 Qut
1055 3745 1205 3794 meracam
1223 3747 1272 3812 eae}
1299 3747 1362 3796 Hac
1384 3753 1424 3796 est

353 3807 446 3856 nidmu
466 3809 607 3856 necessitatis
624 3810 735 3870 retempto
754 3811 804 3856 visa
822 3808 870 3876 rm]
903 3817 973 3858 vetus
983 3811 1062 3858 lectio.
1091 3811 1203 3872 sigonius
1214 3814 1264 3875 legi
1270 3809 1346 3875 jussit
1356 3827 1422 3874 quae,

356 3873 419 3924 Hac
430 3873 499 3922 nobis
516 3874 606 3935 pingue
622 3875 738 3935 quiddam
756 3881 781 3921 et
796 3876 872 3924 inele-
903 3877 1309 3937 proptereaquodncminaurbium
1319 3891 1425 3938 aequem

436 3939 554 3986 redolent.
586 3938 701 3987 Libenter
724 3941 870 4001 legeremus,
903 3945 952 3989 tur.
984 3940 1032 3987 Sed
1048 3954 1140 3987 novum
1156 3955 1205 3988 non
1221 3949 1259 3992 est
1275 3943 1347 3990 urbes
1363 3946 1425 4004 poni

353 3953 434 4052 liliis
451 4016 509 4052 voce
523 4003 627 4064 legatio.-
651 4003 757 4060 Quorum
771 4005 822 4066 ipro
837 4008 875 4055 ia-
905 4005 1058 4065 procivibus.

355 4069 429 4116 noim
443 4096 451 4115 .
464 4098 471 4114 .
483 4097 490 4112 .
501 4069 593 4116 ultime
608 4072 747 4116 mememtatte
762 4072 874 4133 eatempio
937 4069 969 4118 36
986 4069 1110 4131 spoliaque
1125 4071 1255 4136 remugit]
1273 4071 1346 4120 Hanc
1362 4074 1425 4124 Gro-

356 4133 407 4179 uim
419 4148 473 4180 ree.-
489 4133 525 4182 ita
535 4139 563 4180 ut
575 4131 602 4182 ei
611 4147 709 4194 quorum
717 4137 833 4196 penderet
841 4137 873 4184 sb
905 4135 971 4182 novii
979 4135 1175 4182 emendationem
1183 4137 1282 4186 admffit
1290 4137 1316 4184 in
1325 4145 1426 4188 textum

356 4195 395 4244 hie
406 4199 485 4249 verbis
495 4199 545 4258 ipro
555 4200 662 4248 introitu.
904 4198 1020 4250 clericus.
1063 4199 1144 4262 Vulgo
1167 4203 1307 4264 spoliumque
1327 4205 1425 4252 semiie-

388 4261 485 4310 svm
501 4264 557 4326 qua]
580 4263 703 4317 Quoniam
719 4264 754 4310 its
770 4265 872 4313 affectus
900 4265 959 4325 giis.

356 4331 457 4386 tamque
464 4329 720 4384 maiesebebenmut
728 4330 781 4388 ipse
788 4336 871 4390 peten-
935 4329 968 4378 37
986 4327 1076 4384 Quina
1092 4328 1239 4393 nititurque
1254 4330 1329 4380 diem
1343 4333 1425 4396 pansi,

357 4391 415 4438 dem
431 4406 481 4439 nen
497 4391 659 4440 exutimm
673 4407 688 4440 a
702 4393 795 4442 civibus
811 4395 871 4452 suis,
902 4392 1071 4458 aequefaaere]
1082 4393 1155 4460 Lege
1165 4410 1224 4446 cum
1234 4395 1353 4459 Sigonius
1369 4400 1426 4463 qei-
