3056 4976
467 259 471 264 .
530 203 803 266 PRAEFATIO.
1141 215 1210 278 exv,

93 341 265 452 comperte,
280 369 448 457 παλίνορσος
463 371 564 454 deuteri.
609 367 696 434 'Haec
719 380 783 434 tam
806 368 974 456 magnifiee
988 365 1074 434 dicia
1087 381 1195 436 utrum

91 455 182 520 factis
193 455 383 541 aequaverit,
396 475 505 532 necne,
520 456 652 542 ignoro:
669 471 749 520 nam
765 454 864 538 ipsius
873 456 1095 524 examinandae
1105 456 1197 520 nobis

91 545 195 608 otiutu
208 563 276 608 non
288 541 358 619 fuit,
374 555 407 606 et
420 555 545 608 tantum
558 541 709 628 quodhis
725 540 800 608 inde
810 540 987 627 descriptis,
999 543 1100 607 oeulis
1111 542 1197 608 abla-

91 641 124 692 ta
136 641 198 693 est.
241 628 430 704 Badianam,
448 629 573 713 opinor,
589 627 776 692 criminatur
791 627 883 696 foedis
898 629 1075 713 emplastris
1089 629 1198 694 olidis·
1300 633 1303 640 ’

89 736 154 864 pue
178 715 381 800 malagmatis
396 715 548 780 oblitam:
572 717 660 801 cnjus
675 715 706 778 in
723 736 780 784 ora
795 713 887 780 video
905 716 1058 790 asteriscis
1073 716 1198 802 signata

114 801 203 866 ubire
219 801 390 886 scripturae
412 802 492 878 loca,
508 814 540 866 et
555 821 785 886 nonnunquam
808 821 919 866 eorum
942 802 1197 868 emendationem

89 899 272 962 tentatamr
296 887 352 952 sed
366 887 436 952 haec
451 889 557 972 potius
579 887 741 952 laudanda
761 901 793 950 et
815 886 983 964 industria,
997 901 1029 954 et
1043 889 1199 957 modestia

89 987 174 1040 erat.
222 975 336 1060 ltaque
350 973 429 1038 nihil
453 975 512 1040 bae
533 974 738 1038 insultatione
758 973 939 1051 deterrime,
955 997 1040 1038 anno
1054 976 1198 1061 sequenti
1270 987 1273 994 ’

91 1059 241 1126 Lutetiae
262 1082 307 1124 ex
328 1059 454 1126 officina
472 1061 574 1126 Nicol.
593 1060 747 1126 Saveterii
759 1059 899 1124 ·Lirinm
923 1060 1029 1128 emisit
1050 1061 1198 1127 Andreas

89 1145 314 1224 Levesoatius,
330 1167 407 1211 sane
419 1168 492 1213 cum
507 1170 545 1212 eo
560 1146 646 1234 quod
661 1141 860 1233 Mogontiaci
874 1159 1056 1228 accesserat,
1071 1169 1130 1212 nee
1147 1171 1197 1214 us·

89 1255 288 1320 quequaque
297 1229 463 1298 adhaerens
472 1250 530 1318 per
542 1233 677 1298 Badium
690 1233 723 1296 in
739 1233 841 1318 ipsum
854 1254 971 1319 corpus
983 1234 1132 1319 receptis:
1156 1236 1198 1300 de

89 1319 296 1407 marginibus
307 1332 412 1385 tamen
428 1319 554 1385 easdem
570 1333 672 1397 notas,
687 1332 838 1405 tanquam
853 1319 938 1384 haud
955 1321 1093 1396 inutiles,
1106 1343 1196 1405 repe-

89 1406 172 1471 tiuit.
218 1408 333 1472 Annus
347 1406 469 1490 delapsi
484 1406 579 1472 seculi
595 1406 716 1491 primus
731 1422 763 1471 et
778 1406 956 1492 trigesimus
971 1429 1056 1470 noro
1071 1428 1196 1472 rursum

90 1514 150 1557 nos
164 1505 332 1578 proventu
353 1493 469 1558 beavit.
492 1493 659 1558 tamenim
675 1494 707 1558 in
727 1493 883 1558 Helvetiis
905 1494 1015 1557 Simon
1040 1495 1197 1581 Grynoeus

90 1578 226 1644 ultimos
242 1580 385 1666 quinque
395 1580 503 1656 libros,
519 1593 662 1664 repertos
678 1580 710 1644 in
725 1579 918 1644 membranis
932 1579 1017 1664 apud
1031 1579 1195 1645 Monaste·

90 1663 477 1744 riumLaurissenum,vul
502 1666 1197 1754 oLorssense,eregioneBorbetomegitrans

91 1751 261 1829 Rhenum,
278 1775 336 1838 per
349 1753 402 1818 Ju.
420 1690 625 1827 Frobenium,
642 1752 940 1837 publiceexbibuit.
973 1753 1135 1839 Dignatus
1149 1768 1197 1820 est
1249 1818 1253 1826 ,

90 1838 177 1904 hane
189 1861 322 1925 quoque
331 1839 467 1928 prologo
478 1839 665 1904 Desiderius
675 1839 716 1904 ad
729 1839 804 1903 Car.
817 1838 1030 1926 Montjoium:
1048 1854 1079 1906 et
1087 1841 1198 1905 scribit

90 1927 296 2012 archetypon
306 1925 400 1990 luisse
409 1927 606 1992 admirandae
617 1927 791 2002 vetustatis,
804 1928 909 2009 prisco
921 1949 1008 1992 more
1019 1926 1197 1992 litterarum

90 2028 253 2097 perpetua
274 2013 356 2078 serie
376 2013 422 2078 ita
442 2013 672 2098 depictum,.ut
686 2011 905 2076 difficillimum
928 2012 1011 2080 foret
1030 2013 1198 2078 verbuma

90 2100 193 2164 verbo
207 2099 370 2176 dirimere,
383 2097 444 2164 niti
457 2099 563 2177 docto,
579 2115 611 2165 et
626 2112 755 2175 attento,
766 2113 798 2164 ot
809 2100 841 2162 in
858 2099 919 2164 hoc
930 2101 1032 2184 ipsum
1045 2104 1199 2166 exercita-

90 2197 141 2250 to:
166 2187 259 2250 uode
270 2207 335 2250 non
348 2207 460 2269 parum
472 2187 591 2274 negotii
603 2186 696 2250 luisse
710 2187 742 2250 in
759 2186 901 2269 parendo
913 2187 1097 2270 exemplari,
1111 2187 1198 2272 quod

90 2273 199 2357 operis
211 2271 368 2338 utendum
382 2273 577 2338 traderetur:
600 2295 659 2338 nec
670 2273 793 2336 minore
805 2295 882 2336 curu
893 2295 988 2359 quam
1000 2273 1064 2337 fide
1075 2273 1198 2358 advigi-

89 2357 192 2424 latum
202 2380 284 2435 esse,
295 2380 336 2424 ne
347 2379 478 2444 usquam
490 2359 523 2424 in
532 2359 740 2424 describendo
750 2359 790 2422 ab
801 2359 975 2444 archetypo
986 2358 1196 2424 recederetur.

88 2445 217 2532 adjectu
228 2456 277 2509 est
289 2445 424 2509 Henrici
436 2445 590 2512 Glareani
602 2444 830 2532 chronologia.
862 2443 1021 2510 Heredes
1037 2443 1110 2508 Aldi
1124 2445 1198 2508 Ma·

87 2531 175 2598 nutii
192 2546 226 2596 et
250 2530 392 2596 Andreoe
406 2532 540 2598 Asulani
556 2532 684 2597 biennio
698 2546 772 2617 post
786 2553 825 2596 ex
841 2531 902 2596 hae
921 2531 1023 2596 tribus
1039 2530 1198 2614 prioribus

88 2630 248 2706 quartum
269 2630 392 2688 tomum
409 2619 614 2686 addiderunt.
662 2617 754 2684 Beati
779 2617 928 2683 Rhenani
951 2630 982 2682 et
999 2617 1198 2704 Sigismundi

89 2705 222 2772 Gelenii
245 2704 376 2792 quaudo
397 2707 593 2792 apparuisset
613 2706 751 2770 sociatus
765 2704 866 2783 labor,
882 2725 981 2792 quum
1005 2704 1196 2783 dubitarem,

89 2791 195 2858 conr.
209 2791 349 2858 Gerueri
360 2792 595 2860 Bibliothecam
610 2792 773 2858 consului:
797 2792 855 2856 etsi
870 2793 950 2858 citra
964 2791 1045 2868 illos,
1081 2813 1137 2856 uos
1148 2813 1198 2868 re·⁴

87 2878 373 2964 uenenatauquam
384 2880 577 2956 remotiores,
587 2879 685 2944 aciem
695 2879 879 2944 intentionis
887 2877 1057 2964 abruptam
1092 2879 1197 2944 ebuis,

87 2977 144 3046 set,
161 2964 227 3030 bos
243 2976 351 3030 tamen
373 2965 578 3044 ominatum
596 2967 716 3052 utique,
732 2987 769 3032 ac
784 2966 1027 3052 propinquiores
1049 2965 1198 3034 subtilius

86 3061 296 3138 persecutam
318 3063 413 3120 ratus.
460 3054 506 3120 At
519 3051 575 3118 illa
590 3075 641 3120 rue
655 3077 674 3118 a
687 3054 795 3138 primo
816 3053 917 3139 magis
939 3051 1105 3138 implicuit.
1121 3073 1197 3117 nem

86 3139 148 3205 sub
163 3137 263 3204 Beati
276 3139 413 3218 nomine,
428 3139 650 3206 annotationes
666 3139 830 3226 utriusque
841 3139 875 3202 in
887 3152 1048 3204 exstantes
1065 3139 1148 3204 Livii
1160 3139 1197 3204 li-

86 3227 164 3292 bros
181 3225 213 3292 L
260 3223 340 3292 duni
351 3248 496 3292 seorsum
505 3237 614 3292 narrat
625 3226 739 3292 exiisse
753 3249 839 3291 anno
853 3243 979 3292 nnxnrr
993 3250 1001 3303 ;
1025 3224 1084 3291 snb
1098 3226 1199 3312 Sigis-

85 3311 216 3389 mundi,
301 3311 372 3376 ileae
386 3335 461 3380 cum
476 3313 546 3400 ipso
562 3313 668 3392 Livio,
684 3327 717 3378 et
731 3334 872 3378 seorsum
894 3311 1050 3400 Lugduni
1065 3331 1194 3378 noxus:

86 3421 191 3484 quum
202 3398 334 3464 interim
346 3396 527 3468 Glareanus
537 3423 610 3467 suaa
623 3399 743 3466 Cerolo
754 3399 794 3464 V.
809 3399 999 3483 Imperatori
1011 3398 1197 3470 inscriberet

84 3505 203 3562 noxa,
220 3498 254 3552 et
268 3483 386 3554 ibidem
399 3487 542 3554 laudaret
559 3486 790 3556 Frobeuianam
807 3487 980 3558 editionem
992 3505 1091 3569 opera
1104 3499 1134 3548 et
1146 3484 1195 3548 di-

84 3571 106 3636 l·
132 3572 225 3638 entia
243 3570 394 3638 Rhenani
409 3587 441 3638 et
457 3574 581 3640 Gelenii
595 3573 717 3640 fultam.
765 3574 913 3640 Recurro
928 3572 969 3638 ad
984 3593 1031 3648 eu,
1047 3594 1120 3654 quae
1135 3570 1194 3634 sub

118 3660 158 3724 rti
175 3657 265 3724 Livii
279 3659 410 3726 nomine
424 3660 512 3746 prius
524 3663 606 3728 lecta
620 3681 732 3746 parum
748 3659 978 3727 satisfecerant:
1002 3671 1034 3722 et
1049 3657 1093 3720 ibi
1108 3657 1195 3722 inve·

85 3745 143 3810 nio
166 3744 321 3812 Deuades
336 3759 399 3812 tres
412 3768 486 3812 eum
508 3747 675 3814 dimidiata
689 3768 763 3824 una,
780 3769 852 3812 cum
875 3743 1150 3812 emendationibus
1164 3757 1196 3808 et

85 3831 1065 3920 mactationibusdoctorumquorumdamvirorumprolatasa
1077 3829 1195 3916 Frobe«-

84 3918 142 3984 nio
157 3933 320 3986 unxaxr.
367 3919 466 3988 Hanc
481 3920 579 4007 igitur
593 3945 659 3986 esse
673 3922 811 3999 decrevi,
828 3943 923 4006 quarn
939 3917 1139 4006 quaerebam:
1163 3929 1196 3982 et

84 4026 177 4072 aune
187 4006 309 4092 ipsum,
321 4005 399 4075 dum
407 4005 478 4074 hec
489 4008 602 4082 scribo,
616 4009 649 4072 in
661 4009 807 4076 auctione
818 4007 964 4070 volumen
977 4016 1099 4080 nactus,
1111 4025 1195 4090 prae-

84 4103 134 4159 ter
148 4093 428 4178 exspectationem
444 4095 546 4162 video.
577 4094 731 4164 Erasmus
742 4094 795 4158 hic
805 4111 932 4180 quoqne
945 4093 979 4156 in
994 4092 1104 4158 limine
1115 4091 1194 4155 allo·

86 4181 197 4264 quitur
209 4179 422 4266 Moutjtrium,
434 4195 467 4247 et
477 4182 631 4250 Gelenius
644 4182 849 4247 Franciseum
862 4177 1039 4262 Delphum,
1050 4177 1092 4242 ab
1105 4177 1206 4242 Rhe..

86 4285 172 4334 nano
182 4268 218 4334 iu
231 4267 432 4334 consortium
442 4268 539 4356 hujus
550 4269 725 4354 provinciae
740 4291 773 4332 ee
786 4267 872 4335 ultro
884 4265 1039 4330 adscitum
1051 4277 1193 4330 testatus.

87 4349 227 4424 Decimo
237 4351 606 4443 librosubjeotumquod
617 4358 650 4420 in
662 4351 1114 4442 scriptisuonnullishabetur:
1133 4351 1202 4417 Ni·.

610 4450 673 4506 ΗΞ
1042 4464 1045 4470 ’
