3056 4976
424 211 623 276 n1nxnl.
651 208 752 270 CAP.
773 209 856 270 XVI.
880 266 882 274 ,
981 271 982 274 ,
1127 217 1165 278 17-

113 375 152 442 Τ.
165 375 312 440 Fonteius
327 373 528 461 proconsules
543 395 671 440 manere
692 396 765 440 cum
780 374 890 452 eodem
908 374 1031 460 imperii
1045 373 1114 442 ‘ure
1127 375 1158 440 in
1169 395 1198 443 u.
1212 395 1306 448 msto.
1325 425 1330 432 -

113 462 267 546 Hispania
281 462 377 547 jussi:
403 474 436 528 et
456 475 492 528 ut
513 462 547 526 in
569 462 821 548 supplementum
843 461 892 526 his
914 461 975 526 tria
996 397 1096 528 millia
1116 462 1197 526 ci-A·
1210 462 1236 508 ⁰·
1252 467 1305 512 ¹⁷²
1327 537 1330 546 ι

110 548 190 612 vium
219 550 435 614 Rornanorum
466 569 539 612 cum
568 548 725 634 equitibus
750 550 902 626 ducentis,
925 549 1066 644 quinque
1089 547 1160 612 mil-

110 634 149 698 lia
162 634 281 700 socidm
298 633 555 706 Latini‘nominis
569 647 601 698 et
615 634 746 700 trecenti
759 636 878 720 equites
894 636 1103 700 mitterentur.

146 719 238 784 XVI.
260 720 385 786 Latinoe
398 719 486 784 ieriae
500 717 587 786 fuere
609 732 682 786 aute
698 720 782 786 diem
797 723 923 788 tertium
941 721 1050 786 Nonas
1066 718 1158 798 Maii,

14 833 15 838 ¹
107 805 272 890 inquibus,
282 807 358 892 quis
369 807 401 869 in
418 827 481 872 una
492 805 593 872 hostia
605 807 803 894 magistratus
814 806 999 872 lanuvinus
1013 818 1159 891 precatus

106 911 165 954 non
174 905 252 968 erat,
255 895 372 974 populo
380 892 707 969 Romananiritiam,
717 893 861 979 religioni
870 892 940 958 fuit.
964 892 1002 958 ld
1012 915 1110 980 quum
1118 893 1159 958 ad
1212 945 1223 962 .

106 987 241 1045 senatum
258 980 392 1046 relatum
407 990 497 1057 esset,
511 989 699 1064 senatusque
720 977 761 1044 sd
783 979 968 1063 pontificum
991 979 1158 1066 collegium

14 1071 15 1076 ’
105 1063 269 1148 rejecissem
292 1063 506 1148 pontificibus,
522 1065 596 1150 quia
614 1086 680 1130 non
701 1078 786 1130 recte
798 1063 889 1130 factae
904 1064 1030 1130 Latinae
1045 1076 1158 1141 essent,

104 1147 278 1217 instauratis
305 1151 435 1226 latinis,
459 1149 578 1234 placuit
608 1149 800 1230 Lanuvinos,
825 1173 962 1237 qnorum
988 1173 1086 1236 opera
1111 1151 1158 1214 in·

104 1245 245 1304 stauratae
261 1251 375 1314 essent,
388 1235 505 1301 hostias
527 1236 678 1320 praebere.
712 1238 895 1304 Accesserat
908 1237 950 1302 ad
964 1238 1156 1326 religionem,

103 1321 181 1406 quod
196 1321 259 1388 Cn.
275 1322 439 1390 Cornelius
461 1323 581 1399 consul,
600 1344 641 1389 ex
663 1335 771 1389 moute
785 1323 913 1390 Albano
933 1323 1066 1402 rediens,
1082 1345 1156 1388 con·
1168 1339 1272 1388 Cornan

103 1407 188 1472 cidit:
222 1422 270 1488 et,
295 1422 386 1494 parte
410 1408 623 1477 membrorum
652 1423 773 1492 captus,
799 1411 837 1474 ad
866 1413 974 1496 Aquas
1001 1407 1303 1476 Cameracensis·

103 1493 254 1576 proiectus
277 1491 512 1583 ingravescente
532 1495 656 1574 morbo,
680 1495 790 1566 Cumis
810 1496 953 1562 decessit.
999 1494 1063 1560 Sed
1083 1495 1159 1561 indo

103 1596 244 1654 mortuiis
256 1581 397 1646 Romam
419 1579 554 1661 adlatus,
569 1581 723 1654 eripuere
743 1603 774 1644 m
841 1583 915 1648 iiico
934 1581 1035 1650 elatus
1054 1583 1157 1666 sepul·
1214 1579 1218 1598 ⁶

103 1679 208 1753 iusque
235 1680 300 1736 est.
345 1667 492 1732 Pontifex
520 1667 603 1735 idem
633 1667 743 1732 luerat.
839 1671 908 1735 nsul
933 1667 976 1744 Q.
1004 1668 1156 1746 Petillius,

101 1775 189 1838 quum
207 1755 349 1836 primum
371 1776 428 1838 per
450 1754 592 1836 auspicia
612 1765 726 1836 posset,
743 1753 872 1840 eulegae
888 1753 1090 1841 subrogando
1104 1778 1157 1821 co-

101 1840 182 1904 mitia
201 1840 324 1910 habere
338 1841 455 1924 jussus,
479 1853 510 1902 et
534 1840 662 1906 Latinas
683 1839 815 1904 edicere.
846 1841 974 1904 comitia
994 1841 1060 1904 ⁶⁷in
1084 1853 1163 1904 ante.

100 1923 176 1988 diem
192 1928 324 1991 tertium
342 1925 451 2005 Nonas
467 1925 618 2001 Sextiles,
631 1925 761 1990 Latinas
783 1927 813 1990 in
837 1940 910 1994 ante
929 1926 1011 1990 diem
1028 1931 1155 1990 tertium
1220 1957 1222 1966 v

101 2009 171 2080 idus
186 2011 327 2078 Sextiles
338 2013 448 2080 edixit.
494 2011 600 2076 Plenis
611 2011 799 2098 religionum
812 2012 934 2090 animis,
947 2012 1093 2098 prodigia
1109 2015 1279 2090 in-mouirn.

101 2118 187 2182 super
199 2098 374 2165 nunciata:
398 2098 531 2168 Tusculi
545 2099 642 2162 facem
659 2103 692 2162 iu
707 2099 791 2164 coelo
803 2099 911 2176 visam,
929 2099 1039 2162 Gabiis
1053 2099 1157 2164 endem

101 2183 251 2266 Apollinis
282 2196 315 2252 et
341 2186 463 2267 privata
486 2184 622 2253 mdilicia
643 2185 816 2270 complura,
842 2187 1001 2250 Graviscis
1031 2207 1157 2250 murum

99 2284 287 2358 portamque
307 2269 348 2334 de
370 2269 452 2336 coelo
466 2282 558 2337 tacta.
604 2270 652 2340 Ea
674 2284 778 2354 patres
799 2270 1035 2354 procurari-uti
1051 2273 1157 2354 ponti·

99 2353 166 2429 ficas
180 2356 387 2435 censuissent,
398 2358 570 2442 jusserunt.
614 2356 703 2422 Dum
720 2355 865 2428 consules
877 2357 1016 2440 primum
1032 2356 1158 2442 religio-

14 2445 15 2528 }
100 2461 158 2519 nes,
173 2442 294 2508 deinde
311 2443 444 2508 alterurn
466 2438 591 2509 alterius
606 2463 701 2518 mors,
717 2455 749 2506 et
769 2443 907 2518 comitia,
921 2455 954 2506 ct
970 2441 1157 2506 Latinarum

98 2527 336 2598 instaurationes
358 2529 534 2612 inpediunt,
552 2528 677 2594 interim
695 2527 732 2592 C.
749 2528 900 2602 Claudius
921 2528 1094 2595 exercitum
1117 2528 1162 2594 ad

14 2621 15 2626 ’
101 2610 268 2690 Mutinam,
296 2637 391 2702 quam
417 2616 551 2702 Ligures
576 2615 683 2699 priore
707 2635 792 2684 anno
820 2627 979 2698 ceperant,
1007 2615 1158 2680 admovit.

99 2697 208 2768 “Ante
233 2701 392 2779 triduum,
419 2723 514 2791 quarn
542 2701 728 2788 obpugnare
743 2713 907 2785 coeperat,
932 2714 1090 2784 receptam
1114 2723 1159 2768 ex

100 2783 236 2852 hostibus
268 2786 391 2851 colonis
412 2787 558 2852 restituit.
603 2787 687 2852 Octo
716 2788 819 2851 millia·
836 2787 880 2851 ibi
895 2788 1051 2875 Ligurum
1072 2788 1159 2868 intra
1222 2793 1241 2870 j

99 2891 198 2938 muros
223 2873 514 2960 caasa31iteroeqne
542 2874 678 2942 Romam
702 2876 859 2959 extempio
882 2875 1019 2958 scriptae,
1043 2874 1158 2958 quibus

99 2976 156 3022 non
173 2961 274 3027 modo
288 2981 354 3024 rem
371 2972 556 3049 reponeret,
571 2961 627 3026 sad
642 2960 735 3026 etiam
754 2961 956 3110 gloriaretur,
972 2961 1028 3026 sed
1043 2962 1159 3026 virtute

18 3113 21 3122 .
100 3063 133 3108 ac
148 3043 297 3111 felicitate
320 3048 478 3111 neminem
495 3048 564 3132 jain
585 3049 629 3111 cis
646 3047 744 3131 Alpes
790 3061 887 3110 ostem
910 3047 1019 3130 populi
1037 3047 1157 3111 Roma-

99 3129 145 3193 ni:
167 3132 337 3220 69agrique
359 3133 554 3218 aliquantum
576 3146 714 3218 captum,
731 3133 786 3218 qui
808 3133 915 3200 multis
937 3132 1076 3200 millibus
1097 3132 1156 3198 ho·

65 3303 67 3308 ¹
98 3216 213 3282 minum
227 3218 331 3284 dividi
346 3220 462 3284 viritim
477 3230 590 3306 posset.

14 3469 15 3474 ’
98 3485 150 3522 nus
166 3480 301 3536 peterten
322 3492 351 3524 ex
371 3478 417 3525 hoc
432 3493 481 3526 nno
501 3480 553 3527 ioco
569 3481 609 3528 de·
642 3479 753 3540 loquendi
762 3487 834 3528 more.
906 3527 910 3534 ,

99 3537 188 3586 formati
207 3541 322 3590 miserum
339 3544 366 3589 in
381 3545 477 3608 modum
493 3545 547 3592 libri
564 3545 610 3592 boc
675 3547 706 3588 68
722 3544 787 3590 Ante
803 3543 919 3595 triduom.
932 3556 1003 3604 qnam
1019 3555 1157 3601 oppugnare

98 3604 191 3652 vernam
211 3608 273 3654 stin
293 3608 442 3664 incognitum
460 3609 486 3656 in
505 3611 610 3667 lingum
642 3616 753 3670 caperon
764 3605 893 3670 remeant]
912 3609 937 3656 Si
954 3608 1003 3654 nac
1019 3619 1077 3655 anns
1088 3613 1155 3662 sunt,

98 3666 201 3718 latium
211 3672 283 3720 iacsse
291 3672 464 3724 admittendum
473 3676 512 3722 ait.-
642 3683 725 3722 ¹struitur
741 3679 791 3733 eti:
811 3674 892 3724 Quum
905 3673 1029 3732 recepisset
1040 3684 1103 3727 arm,
1114 3683 1157 3718 sn·

126 3737 326 3786 nonstrantes
333 3746 356 3787 rr
368 3740 398 3787 Τ.
405 3741 609 3788 Fonteium-no·
642 3745 737 3799 tequam
748 3739 854 3786 induam
865 3736 969 3798 elapsum
987 3742 1058 3792 earet,
1069 3749 1156 3793 exque

98 3801 448 3868 rere..sa11npaatajum]
462 3807 612 3867 Hiuosppa·
642 3817 779 3866 oppugnare
800 3811 910 3864 eruperat.
952 3802 996 3850 Sed
1018 3802 1159 3861 plerumque
1206 3815 1209 3820 ¹

99 3867 132 3908 rat
148 3865 305 3924 bronnis.
323 3869 364 3928 qni
381 3870 453 3917 tertio
472 3877 529 3918 ante
546 3885 610 3918 anuo
643 3871 712 3926 lours
734 3871 803 3918 aliam
826 3872 874 3916 sinn
896 3869 967 3916 habet
995 3867 1046 3914 hieu
1068 3866 1157 3910 formu-

98 3931 249 3989 l'ffl'fflsts
260 3933 403 3994 Hispaniam
417 3937 467 3995 jaro
477 3941 537 3984 tnnc
548 3938 612 3984 obti-
644 3935 667 3980 iu
686 3936 807 3994 loquendi,
823 3941 857 3992 et,
874 3935 893 3982 si
908 3934 981 3980 solito
1001 3945 1067 3980 more
1085 3943 1158 3989 erpo-

100 3991 164 4052 Ιὶῦο,
175 4002 202 4042 rt
212 3997 308 4056 quimus
320 4001 466 4058 ulteriorem,
480 4015 550 4061 quum
563 4004 611 4049 ool·
644 4006 748 4058 noratur,
765 4013 847 4046 sentus
864 4004 925 4044 esset
943 3997 1060 4046 cobrium
1076 3995 1157 4042 triduo

100 4056 148 4118 ¹08¹
161 4062 213 4119 eius
229 4063 269 4109 Μ.
279 4064 384 4112 'titinius
402 4067 534 4116 citeriorem
548 4067 610 4114 obti-
643 4070 699 4112 aute
718 4071 844 4126 receptam,
855 4077 925 4122 quum
942 4061 1073 4123 oppugnari
1093 4075 1157 4120 coep·

101 4125 400 4178 ematuruerit-texo.
413 4135 451 4178 uti.
463 4133 532 4186 inira,
642 4137 669 4178 ia
686 4135 755 4176 earet.
790 4129 861 4180 Quod
880 4142 952 4186 quum
968 4127 1095 4177 absurdum
1115 4125 1157 4181 sit,

104 4249 110 4262 .
130 4191 159 4237 67
175 4190 208 4236 Ia
219 4199 280 4238 ante
288 4195 350 4242 diem
363 4200 462 4244 tertium
471 4197 554 4244 Nouos
565 4229 572 4244 .
583 4227 590 4241 .
603 4229 609 4244 .
642 4209 691 4242 non
703 4194 820 4242 immerito
829 4194 966 4240 Perizonius
977 4192 1100 4240 emendat:
1119 4192 1173 4241 itu„

102 4263 126 4296 Μ
142 4261 196 4302 sate
214 4257 485 4324 dimississem]
507 4262 612 4308 Perierat
643 4268 684 4308 tra
696 4261 809 4308 triduans

101 4317 223 4390 utrobique
233 4325 319 4372 rosula
331 4333 398 4376 me·
414 4328 488 4376 ·Estu
505 4327 611 4374 restituit
675 4330 706 4375 ⁶9
723 4328 834 4387 Agrique
849 4320 1012 4388 aliquantum]
1038 4322 1088 4370 Hic
1104 4334 1156 4381 per·

103 4376 250 4442 Sigoniusex
267 4391 357 4442 soleam
368 4393 430 4440 Livii
444 4397 469 4440 et
479 4397 609 4440 ceterorum
642 4393 749 4453 spicuam
779 4399 814 4439 eat
842 4392 991 4452 durantum
1017 4389 1079 4438 idem
1106 4391 1158 4432 etis
