3120 4984
437 159 532 218 LIB.
560 157 674 219 xulv.
701 157 805 218 CAP.
836 155 951 220 XXIV.
1169 163 1228 218 ms

148 311 189 390 ad
203 323 372 410 pecuniam
401 321 619 408 accipiendam
643 321 834 400 missisunt,
858 333 901 400 et,
923 321 1057 388 'auctore
1080 321 1368 397 Pontou-uuum,
1393 305 1406 324 ⁰

150 409 221 491 cho,
245 411 299 498 qui
317 408 470 476 Rhodum
485 407 582 494 legati
597 431 672 473 curn,
687 409 922 474 Macedonibus
937 411 1032 490 irent,
1049 407 1259 475 Parmenio&
1272 415 1300 462 c·
1313 412 1369 462 1⁶8·

148 512 180 562 et
203 496 339 562 Morcus
364 496 573 561 destinantur.
596 495 711 582 quibus
740 497 785 560 ita
811 495 1009 572 mandatum,
1031 495 1088 572 uti,
1098 497 1221 582 jureju-

147 583 260 660 rando,
285 580 522 669 obsidibusque,
543 594 574 647 et
598 583 733 666 pecunia
746 589 886 667 accepta,
900 594 968 662 tum
984 581 1113 648 demum
1131 583 1222 648 Rbo-

147 672 225 735 dum
247 669 544 754 proficiscerentur:
567 671 693 732 duorum
715 670 803 733 simul
825 691 928 753 regum
953 671 1074 734 nomine
1093 672 1224 736 incitari

147 757 290 822 Rhodios
319 758 364 820 ad
396 756 503 820 delium
537 756 710 819 Romanum
731 776 829 836 posse.
852 755 1029 838 adunatam
1053 758 1226 838 ciuitatem„

140 865 238 928 penes
257 865 347 928 quam
370 864 462 906 unam
487 847 549 906 tum
573 843 621 905 rei
644 843 768 906 rtaoolis
778 843 884 924 gloria
898 851 984 920 esset,
1001 863 1055 906 nec
1068 853 1155 908 terra
1169 866 1225 908 nec

146 931 230 994 mari
258 951 341 1013 spem
363 930 539 992 relicturam
562 929 725 992 Romanis.
770 926 979 993 Venientibus
1006 928 1123 1014 Illyriis
1147 929 1225 994 Per·

146 1039 227 1093 seue,
243 1015 284 1079 ab
301 1015 426 1100 Enipeo
448 1014 538 1088 amni
555 1036 595 1078 ex
620 1013 730 1078 castris
753 1035 825 1078 cum
841 1015 929 1078 omni
943 1015 1086 1101 equitatu
1104 1015 1227 1098 prosec-

145 1116 207 1179 tus,
224 1101 266 1166 ad
289 1101 391 1167 Dium
411 1101 563 1168 obcurrit.
609 1099 658 1164 Ibi
682 1122 730 1176 ea,
746 1123 819 1187 quae
841 1097 1224 1167 corrve'neruntecircum-

144 1187 219 1254 bisc
248 1187 376 1270 agmine
404 1183 545 1275 equitum
567 1185 670 1262 sacta;
702 1208 783 1274 quos
820 1186 928 1252 adesse
948 1185 1061 1252 foederi
1093 1190 1223 1255 sancitae

144 1296 220 1340 cum
245 1273 365 1340 Gentio
402 1275 558 1339 societatis
587 1273 714 1337 volebat
742 1295 810 1352 rex,
844 1273 1040 1359 aliquantum
1064 1298 1133 1340 eam
1156 1299 1224 1342 rem

144 1374 234 1428 ratus
263 1361 441 1426 animorum
472 1360 509 1424 iis
541 1359 745 1446 adjectarum.
789 1373 822 1425 et
846 1359 970 1425 obsides
993 1362 1026 1424 in
1051 1379 1224 1448 conspectu

144 1449 290 1514 omnium
316 1448 382 1512 dati
406 1449 605 1533 acceptique:
643 1460 685 1524 et,
712 1446 833 1512 Pellam
859 1446 900 1511 ad
931 1447 1095 1512 thesauros
1120 1453 1244 1540 regios¹

144 1535 259 1612 missis,
276 1535 331 1620 qui
345 1536 512 1620 pecuniam
527 1534 718 1617 acciperent,
742 1535 798 1620 qui
817 1532 969 1598 Rhodum
985 1535 1068 1600 irent
1083 1559 1156 1600 cum
1179 1537 1223 1602 ll·
1232 1551 1318 1613 Legati
1329 1553 1387 1602 rer-

143 1620 235 1708 lyriis
261 1621 381 1708 legatis,
401 1619 639 1686 Thessalonicae
662 1620 875 1685 conscendere
891 1621 982 1706 jussi.
1027 1619 1079 1686 Ibi
1101 1617 1388 1729 Metrorgigffluffl

142 1709 246 1773 dorus
271 1721 349 1786 erat,
377 1708 432 1794 qui
457 1729 560 1793 nuper
585 1705 626 1770 ab
657 1706 776 1772 Rhodo
797 1721 943 1773 venerat:
980 1694 1246 1798 auctoribusquea
1292 1685 1385 1736 Μ’*

145 1795 280 1860 Dinone
305 1808 337 1860 et
367 1793 547 1880 Polyarato,
574 1793 771 1878 principibus
786 1792 919 1858 civitatis
934 1795 1010 1880 ejus,
1026 1794 1226 1876 adfirmabat,

148 1880 294 1946 Rhodios
317 1895 443 1966 paratos
468 1881 508 1945 ad
534 1880 653 1945 bellum
668 1902 745 1946 esse.
767 1879 829 1942 ²⁷is
844 1880 992 1966 princeps
1008 1883 1131 1968 junctae
1154 1907 1226 1950 cum

150 1965 267 2052 Illyriis
282 1966 449 2055 legationis
464 1968 557 2033 datus
579 1981 635 2032 est.

192 2053 324 2118 XXIV.
348 2053 472 2118 Eodem
496 2067 638 2138 tempore
661 2053 700 2118 ad
717 2053 893 2119 Eumenem
918 2067 950 2120 et
964 2055 1004 2120 ad
1028 2057 1224 2122 Antiochum
1233 2083 1333 2132 Peneo

147 2143 331 2206 communia
353 2141 513 2221 mandata,
540 2163 612 2226 quae
635 2141 790 2226 subjicere
814 2140 956 2206 conditio
972 2165 1076 2206 rerum
1088 2158 1224 2228 poterat.
1233 2147 1371 2198 Eumenem

151 2229 277 2293 Natura
293 2229 419 2292 inimica
435 2230 518 2292 inter
531 2250 562 2292 se
573 2249 634 2292 esse
644 2228 771 2291 liberam
782 2230 937 2292 civitatem
952 2237 982 2292 er
995 2252 1105 2312 regem.
1151 2215 1387 2329 Sin-{ssffltssffi

142 2315 231 2399 gaios
255 2317 403 2397 populum
437 2315 608 2378 Romanum
640 2315 781 2398 adgredi,
810 2325 850 2391 et,
888 2316 970 2398 quod
990 2317 1150 2400 indignius
1170 2320 1222 2396 sit,
1232 2343 1299 2390 ,aas

147 2423 249 2486 regum
261 2402 377 2466 uiribus
391 2423 477 2486 reges
490 2401 674 2484 obpugnare.
719 2400 829 2464 Attalo
843 2399 994 2485 adjutore,
1005 2413 1128 2485 patrem
1142 2426 1227 2468 suum

149 2489 329 2570 obpressum.
374 2489 510 2552 Eumene
542 2486 718 2570 arly'uuante,
752 2496 782 2550 et
808 2489 940 2570 quadam
962 2510 1001 2550 en
1017 2499 1113 2571 porte
1134 2492 1228 2554 etiam

149 2576 303 2656 Philippo
321 2584 418 2658 patre
439 2596 504 2649 nto,
527 2573 710 2638 Antiochum
730 2573 951 2658 ,obpugnatum
984 2577 1019 2638 in
1045 2598 1076 2639 se
1098 2587 1229 2642 nuncet

149 2661 314 2726 Eumenem
337 2671 367 2724 et
392 2663 536 2730 Prusiam
558 2670 693 2726 armatos
717 2682 789 2726 essa.
833 2661 871 2726 Si
893 2661 1089 2726 Macedonica
1103 2685 1228 2748 regnum
1304 2682 1309 2693 “

148 2747 297 2811 sublatum
310 2749 414 2832 soret,
430 2749 607 2830 prouimam
629 2747 737 2812 Asiam
764 2769 841 2820 essa·
865 2769 955 2832 qnam
973 2747 1046 2832 jam
1075 2773 1113 2814 aa
1121 2761 1229 2833 parta,

147 2834 201 2897 sud
224 2836 324 2916 specie
346 2835 575 2898 liberandorum
604 2835 788 2914 ciuitatium,
817 2855 901 2897 suom
919 2835 1083 2919 fecerint:
1118 2839 1231 2903 deinde

148 2921 291 3006 Syriam..
326 2922 400 2987 Jam
416 2923 562 2985 Prusiam
576 2922 710 2984 Eumeni
723 2921 837 2984 donare
845 2923 1005 3007 praeferri,
1021 2921 1093 3006 jum
1119 2926 1230 2990 Antio-

150 3007 236 3074 clzum
265 3009 408 3072 uictorem
432 3007 590 3090 28prcerm‘o
618 3007 690 3070 hetti
721 3007 760 3071 ad
782 3007 922 3094 AEmjpto
948 3012 1058 3073 arceri.
1114 3009 1140 3050 ²⁹
1153 3013 1231 3076 Haec

151 3095 336 3178 cogitantem
352 3095 519 3176 prouidere
534 3091 678 3177 jubebat,
702 3103 736 3156 ut
757 3103 812 3156 aut
826 3097 870 3156 ad
877 3115 986 3176 pacem
1001 3097 1230 3180 secumfacien-

149 3182 220 3243 dam
242 3181 433 3262 compelleret
459 3179 626 3258 Romanos,
646 3188 702 3242 aut
723 3190 952 3260 perseuerantes
974 3182 1009 3243 in
1024 3183 1101 3246 delio
1116 3184 1230 3268 irp'usto

85 3275 87 3280 “
148 3287 316 3330 communes
345 3269 466 3330 duceret
497 3266 628 3329 amnium
660 3285 763 3349 regum
795 3266 901 3330 hostes.
946 3265 998 3330 Ad
1030 3267 1229 3336 Antiochum

148 3364 260 3436 aperta
275 3353 425 3417 mandata
438 3364 539 3428 erant,
560 3350 601 3415 ad
617 3349 792 3415 Eumenem
809 3373 866 3436 per
880 3353 1015 3438 speciem
1030 3356 1229 3439 captivorum

149 3438 411 3504 redimendorum
434 3441 546 3503 missus
568 3436 692 3525 legatus
707 3451 791 3502 erat:
816 3460 925 3502 verum
940 3439 1117 3504 occultiora
1140 3465 1229 3527 quse·
1300 3481 1301 3486 κ

148 3524 225 3590 dam
249 3525 434 3614 agebantur,
451 3547 524 3612 quae
545 3525 579 3588 iu
605 3525 774 3608 praesentia
803 3524 939 3589 invisum
955 3527 1083 3612 quidem
1108 3540 1140 3592 et
1158 3552 1224 3592 sus·

149 3626 278 3698 pactum
297 3613 452 3678 Romanis
469 3611 645 3678 Eumenem
664 3609 751 3676 falsis
771 3612 971 3698 gravioribus
983 3616 1030 3677 ti.
1076 3614 1229 3680 Proditor

510 3769 523 3798 ¹¹
539 3771 691 3816 marcuerant
706 3769 779 3814 Gron.
789 3769 867 3836 trev.

150 3901 245 3949 accedit
266 3900 387 3948 similibus
409 3900 594 3955 mutationibus,
612 3912 673 3961 qna·
701 3901 874 3960 proniorem,
886 3901 913 3949 id
924 3907 970 3956 est,
981 3902 1095 3962 AEgypto.

149 3967 336 4026 inquibasdam
357 3967 411 4014 aliis
433 3966 492 4013 locis
515 3967 674 4022 tentavimus,
738 3965 770 4014 29
786 3965 849 4014 Hae
869 3967 1021 4030 cogitantem]
1056 3967 1111 4014 Sive
1135 3965 1227 4012 Eume·

151 4029 499 4090 postumianus
519 4027 672 4078 rid.not.6.
705 4043 771 4085 nem,
795 4033 847 4077 sive
870 4031 1026 4088 Antiochum.
1061 4031 1161 4078 Etenim
1183 4031 1227 4078 ubi

151 4095 631 4156 quaetaliusimiliaindicatexempla.
704 4107 778 4154 supra
807 4097 923 4142 dicuntur
954 4096 1084 4142 communia
1105 4093 1227 4154 mandata,

184 4160 216 4208 2'1
233 4161 261 4208 Is
278 4159 387 4221 'princeps
398 4192 406 4207 .
417 4192 424 4206 .
436 4193 443 4208 .
455 4159 578 4222 legationis
592 4153 670 4221 datu-d
702 4159 806 4220 intelligi
817 4161 906 4207 debent
914 4159 1009 4213 eadem,
1020 4160 1063 4208 sed
1074 4173 1182 4208 seorsum
1194 4163 1227 4208 ad

151 4221 415 4288 Mallemuslegationt.
639 4269 645 4290 ,
702 4223 852 4283 Eumenem,
874 4237 983 4272 seorsum
1006 4221 1224 4280 ad‘Antiochum

184 4290 217 4337 28
234 4287 338 4336 Prumto
356 4289 408 4336 uus
418 4289 446 4336 ab
456 4291 564 4352 AEgppto
582 4287 671 4354 arceri]
704 4289 826 4336 mandata.

148 4353 220 4406 Tolle
235 4367 294 4400 curn
316 4354 439 4402 Gronorio
460 4355 669 4416 propositionem:
721 4399 724 4404 .
