3154 4984
457 213 556 274 crs.
584 193 814 274 xnu'cat.
839 181 955 284 xxiii.
1178 220 1236 274 aot

177 387 289 462 portus
302 375 508 446 udToronen
518 397 557 442 uo
568 389 707 444 monum
722 377 819 454 Atho,
836 373 998 462 (⁶¹AEncae
1010 385 1125 459 vocent
1137 375 1239 460 hune)
1250 389 1281 438 υ.
1293 387 1386 440 csse

180 463 235 530 elii
256 463 298 530 ad
315 461 455 531 'insulam
470 464 637 541 Euboeem,
660 463 714 528 alii
734 463 775 528 ed
791 462 1040 548 Hellespontum
1061 477 1242 549 opportune
1250 457 1282 504 A.
1292 457 1323 504 ⁰·
1334 454 1390 504 ¹⁶⁷·
1559 555 1562 568 Ὺ

179 552 267 616 versi.
312 551 422 616 Tertic
443 551 533 638 regio
553 549 676 616 nobiles
693 550 805 628 nrbes,
820 549 973 614 Edessam
996 563 1028 614 et
1043 549 1190 616 Beroesm
1209 556 1243 618 et

181 635 314 713 Pellem,
343 636 448 714 hebet,
473 652 505 704 et
527 636 706 702 Vettiorum
733 635 913 708 bellicosam
939 651 1083 723 gentem:
1121 637 1243 702 incolss

111 767 114 780 ·
179 745 307 810 quoque
341 722 515 808 permultos
544 723 655 790 Gallos
691 733 723 786 et
752 721 887 807 Illyrios,
916 723 1058 810 inpigros
1094 726 1242 789 cultores.

180 807 337 886 Quartam
359 810 520 897 regionem
536 809 665 874 Eordsei
686 823 717 874 et
732 810 896 890 Lyncestae
912 809 1132 896 mengone
1152 810 1243 875 irico-

178 895 271 962 lums
286 897 400 982 juncta
422 895 471 960 his
496 895 672 971 Aduenis,
697 909 731 960 et
755 894 991 980 &Stymphalis
1016 909 1050 960 et
1072 895 1241 961 Elimiotis.

177 979 295 1067 frigide
315 981 386 1047 haec
397 974 519 1058 'omnis
534 981 678 1066 duraque
696 981 794 1058 cultu,
810 996 842 1046 et
854 1003 965 1066 aspere
978 981 1073 1068 pinge
1088 996 1152 1047 est:
1175 981 1243 1046 cul-

179 1082 363 1152 torumque
384 1091 425 1134 ue
441 1069 569 1156 ingenis
583 1081 677 1137 terrae
699 1065 812 1132 similia
833 1066 941 1132 hsb'et.
961 1069 1129 1134 ferociores
1143 1091 1196 1133 eos
1210 1087 1245 1134 et
1325 1149 1329 1155 Α

179 1153 299 1224 adcolae
314 1155 371 1220 ber
414 1153 591 1231 silaciunt3
613 1176 698 1220 nunc
712 1153 797 1219 bello
809 1169 999 1230 exercentes,
1015 1177 1103 1220 nuno
1114 1157 1149 1219 in
1159 1161 1244 1239 'pace

181 1241 344 1308 miscentes
365 1242 445 1310 ritus
466 1263 547 1308 suos.
591 1241 712 1306 Diuisae
741 1241 846 1326 itaque
875 1239 1075 1306 Macedoniae
1103 1242 1244 1327 partium

177 1327 285 1393 usibus
305 1329 466 1412 separetis,
482 1327 634 1416 “quante
656 1328 815 1392 universos
837 1341 942 1392 tenent
958 1327 1163 1406 Macedonas,
1177 1327 1242 1394 ior-

181 1413 267 1481 mula
281 1414 376 1492 dictu,
391 1415 520 1501 ⁵⁵quum
536 1415 619 1501 leges
633 1436 760 1500 quoque
773 1418 806 1478 se
819 1413 965 1478 daturum
981 1414 1175 1480 ostendisset.

223 1500 359 1565 XXXI.
383 1501 485 1570 AEtoli
510 1501 749 1568 deindecitati:
777 1500 810 1564 in
833 1523 896 1584 que
922 1501 1103 1587 cognitione
1129 1502 1374 1590 mugissudrcium
1440 1513 1443 1524 '

182 1600 254 1652 utre
274 1609 348 1670 pars
364 1587 526 1664 Romanis,
549 1596 631 1652 utra
644 1587 712 1672 regi
733 1585 867 1663 levisset,
882 1589 1048 1673 quesitum
1071 1601 1129 1666 est,
1146 1589 1383 1674 quemdrfflwllt

181 1672 246 1738 utri
267 1673 412 1742 fecissent
432 1675 590 1759 injuriant,
606 1687 661 1738 eut
683 1660 888 1755 accepissent.
933 1673 1027 1739 Nona
1047 1674 1172 1739 liberati
1193 1676 1242 1740 in·

181 1758 382 1830 terfectores:
403 1759 545 1826 exsilium
560 1759 657 1844 pulsis
676 1782 767 1846 mque
788 1775 891 1825 ratum
906 1759 975 1836 suit,
991 1783 1028 1826 ac
1043 1783 1129 1826 mors
1143 1763 1243 1826 iuter-

178 1844 275 1914 fentis.
318 1849 358 1915 A.
373 1847 502 1911 Baebius
521 1868 602 1910 unus
623 1859 670 1910 est
689 1845 868 1925 damnatus,
883 1845 969 1932 quod
992 1847 1106 1912 milites
1122 1849 1242 1914 Roma-

178 1954 236 1998 nos
257 1932 443 2018 praehuisset
462 1932 514 1998 ud·
529 1933 736 1998 ministerium
758 1933 866 1998 coedis.
912 1932 979 1998 Hic
1000 1949 1130 2000 eventus
1147 1933 1242 2000 AEto·

178 2017 281 2085 lorum
297 2041 416 2085 mussae
435 2020 469 2082 in
492 2019 638 2085 omnibus
653 2019 791 2084 Graeoiae
812 2019 1168 2108 gentibuspopulisque
1189 2045 1243 2088 eo·

179 2127 262 2181 rum,
277 2107 332 2191 qui
346 2106 447 2189 pertis
464 2105 683 2172 Romanorum
705 2104 842 2183 fuerent,
857 2106 977 2170 inflavit
998 2107 1041 2172 ed
1061 2109 1391 2176 intuterant-esnaeis-

180 2191 242 2258 lem
257 2193 436 2276 superbient
458 2193 599 2270 animos5
623 2207 654 2256 et
675 2192 830 2256 obnoxios
851 2193 985 2276 pedibus
1006 2216 1116 2258 eorum
1140 2195 1243 2280 subje-
1252 2186 1368 2232 sumno-

180 2279 234 2354 cit,
251 2301 330 2364 quos
343 2279 455 2366 alique
471 2291 561 2363 perte
582 2278 719 2364 suspicio
738 2277 853 2342 favoris
873 2279 908 2342 in
928 2301 1037 2364 regern
1059 2261 1387 2367 contigsrn.{¹2;,⁸22⁹⁰*

182 2365 262 2434 Tria
275 2388 390 2452 genera
411 2366 592 2448 principum
607 2365 640 2428 in
661 2365 839 2430 civitatibus
860 2378 966 2429 erant:
990 2367 1064 2441 duo,
1080 2387 1154 2452 quae
1167 2367 1343 2438 edu-perun.

180 2450 276 2516 lando
304 2465 360 2517 eut
387 2453 605 2517 Romanorum
634 2451 812 2534 imperium,
830 2466 894 2514 ,eut
922 2452 1093 2516 amicitiam
1122 2475 1244 2540 regum,
1332 2455 1335 2466 '

180 2537 239 2605 sibi
262 2538 407 2622 privatim
430 2560 505 2622 opes
527 2537 685 2622 obpressis
705 2537 862 2604 faciebant
882 2537 1087 2603 civitatibust'
1105 2540 1245 2604 medium

63 2697 68 2712 ι
183 2646 295 2701 unum,
309 2626 437 2711 utrique
455 2625 566 2710 generi
583 2623 760 2700 adversum,
776 2623 952 2688 libertatern
975 2637 1007 2689 et
1028 2623 1113 2713 leges
1135 2625 1245 2694 tueba-

181 2716 244 2777 tur,
289 2712 353 2778 His
375 2727 409 2776 ut
431 2713 533 2796 major
548 2711 633 2795 apud
655 2733 728 2778 suos
749 2711 873 2786 ceritas,
890 2710 934 2774 ita
955 2713 1060 2776 minor
1074 2715 1167 2797 epud
1190 2737 1244 2779 ex·

182 2807 287 2862 ternos
302 2800 403 2884 gretia
417 2811 496 2862 eret.
542 2797 696 2864 Secundis
711 2797 804 2863 rebus
818 2797 893 2862 elati
911 2797 1130 2864 Romanorum
1139 2800 1244 2884 ‚pertis

181 2884 248 2968 ejus
261 2884 410 2960 fautores,
426 2883 483 2950 soli
505 2898 574 2948 tum
595 2884 628 2948 in
643 2883 890 2970 magistratibus,
905 2884 966 2948 soli
985 2884 1018 2950 in
1034 2886 1244 2973 legationibus
1295 2933 1297 2940 -

180 2989 282 3038 erent.
327 2971 374 3036 Hi
390 2991 488 3056 quum
503 2969 680 3057 frequentes
693 2986 726 3036 et
746 2979 786 3036 'ex
804 2969 1033 3055 Peloponneso,
1046 2987 1133 3038 etex
1148 2975 1244 3038 Boeo-

181 3057 235 3135 tis,
258 3071 290 3122 et
314 3079 356 3122 ex
380 3057 449 3122 eliis
472 3055 610 3123 Greciae
631 3057 772 3122 conciliis
794 3057 947 3134 adessent,
971 3059 1129 3143 inplevere
1151 3083 1246 3124 eures

180 3142 289 3208 decem
312 3144 505 3231 legatorum:
538 3143 612 3208 Non
632 3165 682 3208 eos
702 3153 831 3220 tantum,
854 3145 908 3226 qui
925 3165 960 3208 se
974 3147 1141 3226 propalam
1158 3145 1245 3228 ⁵⁶per
1347 3183 1349 3188 ,
1403 3143 1406 3150 ’

181 3232 348 3298 venitatem
358 3229 542 3313 jactassent,
557 3239 710 3312 tamquam
731 3231 863 3311 hospites
882 3239 912 3293 et
933 3232 1044 3294 amicos
1058 3233 1177 3307 Persei,
1192 3235 1247 3296 sed

178 3319 391 3400 multoplures
400 3318 528 3386 elieser
541 3316 792 3400 ocmltofcvisse.
813 3317 946 3399 reliquos
954 3337 1015 3398 per
1023 3319 1150 3400 speciem
1158 3327 1245 3380 tusa·

181 3405 230 3466 dae
243 3403 396 3472 litaretis
411 3405 444 3466 in
458 3403 597 3468 conciliis
610 3404 754 3468 adseres
768 3402 923 3466 Romanos
936 3405 1039 3466 omnin
1054 3405 1245 3469 instruxisse.

181 3493 344 3556 aec‘uliter
356 3511 408 3558 eus
422 3509 580 3554 mensures
594 3489 699 3574 infide
709 3499 824 3575 gentes,
840 3488 1033 3573 nisi,fruetis
1043 3490 1157 3556 animis
1165 3511 1244 3572 pur·

210 3757 247 3804 ¹62
263 3759 346 3806 AEueoe
367 3763 449 3806 uocatu
465 3759 538 3821 hunc]
571 3759 655 3819 Hunc,
672 3761 698 3808 ld
730 3759 800 3808 doras
811 3749 921 3823 servitum
937 3759 1013 3808 dictor
1031 3756 1083 3807 *id
1100 3765 1147 3818 est,
1166 3760 1246 3805 forms

181 3829 230 3877 ert,
247 3831 345 3882 portum
362 3825 392 3870 ed
408 3830 518 3870 montem
529 3824 603 3878 Atho.
616 3829 698 3873 vmcut
729 3827 843 3885 quedem
870 3824 995 3885 regiminis
1021 3825 1161 3885 prescripta
1187 3823 1245 3880 fuit,

183 3887 268 3935 mo
276 3893 382 3947 portum.
729 3901 804 3950 quem
815 3903 864 3936 non
882 3890 934 3936 hee
951 3895 994 3936 eut
1007 3889 1050 3936 ille
1061 3901 1118 3949 pars
1132 3889 1247 3934 Macedo·

214 3952 247 4000 68
261 3952 419 4015 Seputphult's]
442 3953 531 4000 Probet
540 3953 626 4000 cellar.
635 3954 697 4000 Geo-
729 3954 786 4008 niae,
796 3955 839 4000 sed
849 3954 956 4001 universi
967 3953 1113 4000 Macedones
1124 3953 1193 4014 sequi
1204 3949 1247 4015 ju-

180 4017 491 4077 grspnnntt11.c.13.
507 4018 697 4079 legendumetse
728 4018 850 4064 berentur.
1117 4015 1118 4020 ’

181 4081 332 4142 dmum,
347 4083 385 4128 rel
401 4081 555 4142 Stpmpdoece
574 4079 645 4144 cnjus
660 4083 697 4129 in·
762 4080 901 4137 newsum
916 4082 978 4144 leger
992 4083 1090 4146 quoque]
1118 4083 1247 4144 Atqueet·

179 4146 242 4192 coln
251 4146 392 4206 Stymphoet',
404 4147 447 4206 qui
462 4147 537 4194 iidem
553 4159 568 4192 e
581 4146 697 4194 Strabone
729 4147 779 4192 iam
790 4159 816 4192 se
830 4147 897 4207 leges
911 4147 942 4192 lis
956 4148 1072 4194 daturum
1083 4148 1195 4208 promisit
1204 4145 1245 4193 Ε·

179 4211 287 4272 respnde
296 4211 455 4270 appellantur·
727 4203 824 4257 rnllluss
842 4212 908 4271 quod
922 4217 948 4257 et
962 4223 1045 4258 revera
1055 4217 1183 4260 exsecutus
1193 4225 1246 4260 esse

212 4274 247 4322 tt
262 4274 356 4330 Quanta
377 4277 496 4324 universos
515 4279 591 4324 terem
612 4275 694 4322 Macc-
719 4275 1044 4334 memoratur‚intrec.82.

177 4337 259 4400 ᾰωεω]
286 4339 491 4400 floccos-ruptum
499 4345 543 4387 est.
575 4342 695 4389 Emendat
761 4337 1026 4404 nevernensium]
1058 4341 1105 4390 Per
1123 4343 1246 4395 inconuul-

178 4403 305 4464 Sigonius:
323 4407 503 4465 muniemus
519 4405 695 4455 tuurrtMuce·
728 4404 922 4454 temlevttutem.
1065 4403 1076 4420 ‘'
