3056 4976
468 238 554 298 LIB.
582 233 933 298 xtt.ane.xx1v.
1053 265 1095 295 a
1193 239 1233 301 97
1304 305 1306 310 ,

178 408 226 464 loe
238 401 395 466 Romanae
416 403 540 482 neruiue,
555 423 591 466 ac
600 423 712 486 *regem
726 403 842 465 Pereea
857 423 877 464 ο
890 398 1155 482 papaloiiamana
1178 399 1235 462 ad·
1244 417 1275 464 u.
1285 416 1312 462 c.
1326 421 1382 467 ere.

179 485 343 566 peilaticm:
366 489 516 566 audimur,
533 489 650 572 legatae
664 488 819 550 Romanor
833 488 945 551 nerim
959 486 1002 548 ad
1016 503 1127 570 regem,
1143 493 1173 547 et
1188 483 1276 547 enei·
1285 481 1313 528 ⁰·
1328 485 1382 530 ¹⁷⁴·

181 572 312 658 benigne
326 585 491 653 ecceptoeu
528 573 721 638 Haecamnia
734 573 820 654 pacis
834 571 967 657 equidem
978 569 1237 656 eigtraeeeejudi·
1358 565 1360 575 ’

181 678 227 734 co,
243 681 301 722 non
312 659 380 722 belli
388 681 400 720 .·
421 681 475 724 nec
485 661 638 723 Romnum
652 656 765 744 offendi
777 673 871 740 paese,
886 659 920 734 ei,
936 667 971 721 ut
984 657 1089 720 bellum
1102 667 1238 750 gerentee

181 763 230 806 eae
249 744 344 808 eecnti
363 766 474 821 eumue,
498 767 574 808 nunc
596 767 710 829 quoque
730 745 816 826 pacie
837 744 975 808 arcatores
993 763 1161 826 ecquamur.
1186 763 1238 806 cur

181 830 298 912 quidem
320 851 375 895 noe
394 831 571 912 inexpiabile
587 833 714 894 ,omnium
740 830 799 892 eali
823 830 929 892 bellum
954 831 1092 892 advectae
1111 838 1248 914 regnum

182 916 388 979 Macedonum
397 917 552 1001 geramus,
565 939 621 979 nan
630 918 723 979 uideo.
763 917 930 998 Opportuni
938 915 1159 998 propinquitate
1172 915 1238 996 peu

181 1001 372 1066 Macedonia
390 1023 509 1076 eumue,-
535 1025 575 1066 an
595 1001 788 1080 infirmissimi
808 1003 947 1076 omnium,
972 1010 1138 1086 tamquam,
1162 1021 1237 1084 quoe

181 1107 277 1168 anper
291 1086 422 1172 atbjecil,
437 1085 599 1170 Dolopes?
620 1088 646 1126 ¹⁴
655 1089 744 1150 immo
758 1097 861 1151 coatm
875 1107 922 1164 ea,
938 1086 985 1151 nel
997 1085 1108 1151 uiribue
1121 1087 1237 1163 metris,

183 1171 288 1238 Dalm
303 1174 497 1258 benignitate,
520 1175 567 1238 nel
589 1175 722 1258 regionis
734 1175 891 1238 interuallo
914 1174 978 1236 tuti.
1022 1171 1112 1236 1⁵Sed
1134 1191 1238 1236 eumue

179 1279 264 1342 nque
276 1257 400 1342 euiq'ecti
415 1281 451 1324 ac
470 1260 607 1324 Thessali
620 1261 777 1344 AEtolique
785 1284 798 1335 ,·
820 1260 911 1322 nihilo
932 1259 998 1340 plue
1006 1259 1093 1340 fidei
1106 1257 1237 1322 auctari-

183 1345 311 1433 tutieque
332 1346 474 1410 habemus
499 1349 642 1410 aduereue
664 1347 830 1422 Romanae,
854 1347 904 1430 qni
923 1365 1037 1426 eemper
1057 1345 1127 1408 eonii
1147 1353 1239 1427 utque

185 1431 277 1494 amici
290 1429 420 1512 suimus,
446 1453 538 1516 quam
560 1431 667 1512 AEloli,
692 1433 744 1515 qai
767 1432 868 1513 paullo
893 1441 965 1495 ante
986 1432 1083 1494 hoetee
1099 1427 1237 1512 suerunt.

187 1517 279 1592 Qtrod
305 1518 433 1592 AEtolie,
457 1520 539 1602 quad
557 1518 718 1597 Therealie,
743 1520 822 1601 quod
845 1517 987 1599 Epirotis,
1013 1519 1093 1580 omni
1115 1516 1240 1598 denique

186 1603 317 1667 Gracia
329 1624 397 1666 cum
410 1603 714 1690 Macedonibnjurie
724 1615 779 1676 eet,
791 1605 870 1666 idem
885 1603 1013 1666 et'nobie
1022 1603 1070 1666 eit.
1092 1623 1144 1666 car
1154 1622 1237 1666 enee-

185 1689 306 1752 crabilie
320 1689 381 1752 ieta
394 1691 478 1752 nobie
492 1689 563 1752 eolis
575 1690 655 1754 uelut
669 1691 795 1754 desertio
802 1688 883 1774 juris
897 1688 1018 1752 humaui
1032 1694 1096 1752 eet?
1120 1689 1238 1752 Fecerit
1321 1705 1322 1718 ¹

184 1775 300 1858 aliquid
314 1775 480 1858 Philippus,
496 1797 550 1838 cnr
564 1778 704 1840 adaeremr
717 1797 782 1839 eum
797 1785 949 1838 armatum
963 1784 992 1838 et
1006 1775 1114 1838 bellum
1129 1795 1239 1858 geren·

185 1869 243 1923 tem
258 1863 312 1924 hoc
327 1863 567 1924 decerneremue:
590 1862 663 1944 quid
678 1863 817 1940 Peraeae,
831 1882 922 1926 nanae
935 1883 998 1938 ren,
1014 1862 1106 1926 amnie
1125 1858 1240 1945 injuria

184 1947 290 2022 insane,
318 1968 372 2012 eun
397 1947 532 2027 bmqlicin
559 1957 700 2029 paternae
724 1947 891 2012 eimultatee
912 1948 1081 2022 obliterata,
1108 1949 1238 2011 meruit?
1279 1999 1302 2022 ‚¹

183 2055 235 2097 eur
260 2033 319 2096 eali
339 2035 467 2103 omnium
481 2035 578 2096 hoetee
597 2033 625 2096 ei
644 2039 771 2096 eumue?
800 2033 991 2118 Quamquam
1005 2043 1035 2096 et
1056 2034 1129 2098 illud
1143 2033 1241 2096 dicere

182 2129 333 2200 poteram,
358 2130 446 2183 tanta
464 2120 602 2202 prienam
622 2119 813 2188 Macedonia
833 2142 938 2205 regum
959 2121 1066 2184 merita
1088 2141 1164 2203 erga
1188 2141 1241 2183 noe

176 2205 282 2286 siricae,
306 2216 339 2268 ut
353 2206 489 2289 Philippi
509 2207 596 2268 uniue
616 2203 752 2290 injuriae,
775 2207 801 2268 ei
821 2227 886 2290 qua·
897 2204 983 2286 forte
995 2203 1129 2286 filerunt,
1147 2205 1165 2244 *
1181 2206 1241 2268 uti·

185 2313 242 2376 que
260 2301 329 2372 poet
352 2301 484 2356 moriem
531 2291 632 2368 Quum
656 2292 760 2355 elaeeie
780 2292 923 2354 Romam
951 2292 1107 2356 Cenchreis
1134 2301 1240 2368 etarel,

182 2377 286 2440 cerurci
307 2398 374 2441 erem
397 2377 525 2441 exercita
540 2378 655 2440 Elatia
674 2387 755 2452 creet,
780 2378 911 2440 triduum
930 2377 1097 2440 in-comilio
1109 2374 1239 2457 suimue,

185 2464 395 2538 comaltantee,
425 2473 526 2526 utrum
551 2463 714 2537 Romam,
756 2483 796 2524 au
824 2461 1009 2544 Philippum,
1045 2483 1240 2545 sequeremur.

185 2549 210 2588 ¹⁶
220 2549 367 2612 Nonnihil
380 2557 474 2613 metue
492 2569 621 2630 praecia
636 2549 674 2611 ab
687 2548 837 2612 Romanis
848 2549 1008 2620 tententiae
1026 2557 1143 2611 nnetrae
1157 2548 1242 2612 ineli-

185 2636 287 2699 narit:
307 2633 375 2716 suit
391 2645 468 2698 certe
484 2644 582 2698 tamen
597 2634 723 2718 aliquid,
740 2636 819 2718 qaod
835 2643 896 2697 tam
919 2634 1039 2718 longam
1053 2635 1241 2698 deliberatio-
1316 2705 1317 2714 χ

569 2763 582 2804 l
593 2765 699 2822 acceptae
710 2759 784 2805 Grna.
795 2759 862 2805 Crer.

186 2855 263 2902 Nemo
279 2860 317 2901 eet
335 2856 392 2916 quin
404 2856 482 2905 vident
501 2858 630 2905 tollendum
647 2873 698 2905 eme
730 2863 766 2906 tre
783 2843 1021 2928 Mmedaninqqun
1038 2859 1108 2920 paulo
1124 2863 1180 2904 unte
1197 2845 1248 2906 nu·¹

186 2922 314 2968 necandam
333 2921 392 2969 iliad
403 2922 500 2980 Pernen,
516 2929 564 2968 tem
582 2920 698 2970 inutiliter
729 2925 820 2972 minate
841 2930 888 2981 eei,
908 2921 1140 2986 veiintelligendam
1161 2931 1242 2970 eontra

184 2992 209 3031 et
220 2987 300 3033 odiose
312 2988 446 3046 repetitum.
478 2989 610 3034 Admodum
626 2988 697 3036 etiem
729 2990 878 3050 eaperieuin.
909 3001 910 3004 ’

185 3052 311 3098 verisimile
322 3059 368 3108 eei,
375 3067 403 3098 en
411 3066 462 3112 qun
474 3054 608 3114 praecedant
615 3053 698 3100 vitiem
763 3061 791 3102 in
803 3054 852 3102 Sed
858 3068 940 3102 camere
949 3069 1014 3115 aque
1024 3054 1125 3117 rulljecti
1134 3069 1162 3100 ue
1171 3054 1242 3100 Ther·

184 3131 241 3162 eene
271 3117 394 3177 Nusquam
406 3117 468 3164 enim
484 3123 638 3166 memoratam
650 3125 695 3173 eet,
727 3119 775 3166 eali
793 3115 928 3181 AEtolique]
952 3111 1020 3166 ieret
1038 3133 1067 3166 ex
1086 3120 1115 3165 iir
1134 3133 1185 3180 qaae
1205 3133 1241 3166 ee·

185 3189 213 3226 at
229 3181 340 3230 observet
356 3182 500 3241 Gronovius,
517 3185 600 3230 Pernen
616 3183 696 3234 metim
729 3189 843 3243 quantur,
855 3184 991 3240 legidebere
999 3181 1160 3246 Epirotaeque·
1195 3183 1241 3230 (le-

185 3259 258 3306 regno
270 3252 366 3307 enaeptn
377 3249 406 3294 nd
423 3246 514 3308 legator
524 3249 644 3296 Romanae
657 3263 696 3295 ve·
729 3256 806 3296 tetum
817 3251 867 3296 hren
883 3249 918 3295 ito
934 3249 1088 3310 intelligendu
1097 3253 1165 3306 eunt,
1176 3253 1204 3294 ut
1214 3263 1243 3295 en

185 3311 309 3368 nimc,eed
322 3313 520 3372 legntneiinmem
533 3312 630 3360 minime.
665 3314 698 3364 Et
728 3314 848 3364 Arcoeibi
864 3313 914 3372 ipre
930 3313 1077 3372 objiciente
1093 3313 1245 3372 dumobjinit

185 3389 279 3422 manum
297 3378 368 3426 errori
387 3379 487 3438 p'raebere
503 3379 601 3424 fortune
615 3383 697 3439 potue-
729 3379 828 3425 refellat.
842 3379 845 3386 '
859 3379 965 3440 natjan
985 3379 1047 3426 idem
1067 3384 1103 3426 eet
1126 3393 1153 3425 ue
1172 3392 1243 3439 cupre

185 3442 233 3487 rint
245 3439 296 3488 bne
306 3443 377 3488 rerba
387 3443 483 3490 membri
501 3444 632 3502 sequentie:
655 3459 698 3490 ou·
730 3444 866 3504 opportuni
895 3443 949 3490 Nici
971 3443 1032 3491 sorte
1059 3445 1182 3500 terendum
1206 3449 1243 3490 eet

185 3507 264 3552 mmm
280 3507 372 3566 legatae
388 3509 505 3554 Romunm
521 3510 617 3556 nonime.
650 3508 699 3556 ite·
734 3509 813 3571 potine
822 3511 931 3569 rutperti.

186 3585 231 3630 que
247 3576 311 3621 recte
328 3573 421 3619 videtur
440 3574 503 3619 hunc
521 3574 598 3619 iocum
620 3587 697 3620 emen·
764 3578 793 3620 ,16
811 3575 928 3621 Nonnihil
943 3581 1019 3620 metue
1033 3587 1137 3634 marm
1154 3573 1183 3618 ab
1193 3573 1243 3618 Ro·

186 3637 239 3682 dere
251 3637 388 3683 Gronovius
403 3638 448 3684 hoe
464 3639 545 3684 modo:
565 3641 602 3684 Ac
611 3641 699 3684 scimur
730 3635 821 3702 manle]
848 3639 899 3685 imo
915 3639 986 3696 nihil,
998 3645 1025 3684 at
1037 3643 1097 3684 reete
1109 3645 1189 3684 monet
1200 3639 1246 3684 Pe-

186 3701 368 3762 Persea,regno
379 3709 481 3762 accepto,
498 3703 699 3762 legatoriorum
731 3705 843 3750 neoniae.
875 3705 1001 3750 Arcorult
1014 3704 1113 3758 intelligi
1124 3703 1244 3749 Romano-

186 3769 287 3824 mirieee,
309 3782 339 3813 ac
357 3781 437 3829 regem
459 3783 475 3814 a
489 3768 575 3828 papula
595 3769 701 3815 Romarm
733 3783 784 3815 rum
820 3775 918 3817 metum.
947 3783 1046 3829 qtrnrum
1075 3769 1155 3814 clneeie
1180 3769 1243 3814 Cen-

188 3831 341 3894 appellatnm.
732 3834 816 3886 ehteie,
829 3834 942 3880 exercitae
959 3834 1075 3880 terreetrie
1088 3833 1172 3880 Eletiae
1183 3837 1243 3891 eret,

221 3903 249 3943 tt
262 3898 315 3943 Ima
327 3904 410 3944 contro
421 3896 459 3960 en]
474 3897 588 3944 Voculam
598 3913 626 3944 ea
634 3897 700 3956 ejicit
731 3899 786 3946 dum
805 3898 960 3944 deliberarent
970 3899 1064 3954 Aehaei,
1079 3899 1104 3945 in
1121 3912 1191 3945 neuen
1204 3897 1243 3944 ia-

187 3963 331 4009 Graanriue.
365 3962 409 4008 Sed
426 3963 445 4008 ni
462 3963 503 4009 illu
520 3975 567 4008 non
585 3964 697 4023 exprimn
731 3964 835 4020 iere,car
846 3964 874 4010 ed
888 3965 941 4010 illae
953 3964 1094 4010 inclinarent
1105 3964 1243 4022 consulitu-

184 4032 233 4083 tnr,
245 4027 317 4073 debet
327 4026 435 4084 intelligi.
455 4028 519 4078 Quid
535 4027 608 4088 igitur
618 4039 699 4074 necee-
731 4029 792 4074 tium
803 4028 885 4075 enimi.
918 4027 963 4074 Sed
975 4030 1066 4085 demae,
1079 4029 1168 4089 inquit,
1182 4028 1243 4075 nihil

186 4105 210 4138 ee
225 4098 262 4138 eet
278 4105 330 4138 eum
348 4091 460 4148 dele1i‚el
478 4094 571 4153 quenda
588 4092 700 4151 exprimi·
731 4092 899 4140 tancvnluieee
909 4100 998 4139 metum
1010 4094 1085 4140 illum.
1119 4095 1189 4140 Certe
1200 4093 1244 4140 ni-

185 4157 242 4204 tar?
264 4157 318 4204 Nee
329 4156 445 4210 ridemus,
455 4171 497 4202 cur
514 4171 562 4204 nnn
574 4162 623 4203 tem
638 4158 699 4203 dicu·
732 4159 787 4218 qaid
798 4159 942 4214 tumeniuit,
954 4161 1073 4218 quodiam
1088 4153 1183 4220 longum
1201 4160 1241 4206 ie·

185 4235 235 4268 nae
256 4228 488 4281 nonnumquam
509 4227 700 4282 praearmat
732 4223 893 4270 liberationem
920 4224 1013 4272 iaceret.
1056 4225 1094 4272 De
1123 4225 1242 4274 benefidie

181 4295 269 4348 putea.
303 4287 337 4334 m
358 4285 413 4333 elibi
432 4287 553 4348 uerirpurit
570 4286 701 4344 Liviumat
732 4289 889 4336 Macedonum
915 4301 994 4350 regum
1021 4289 1046 4335 in
1070 4289 1169 4340 Achaeoi
1194 4291 1239 4346 viti

182 4351 197 4401 i.
210 4353 260 4402 ili.
272 4355 314 4400 60.
333 4355 359 4398 et
369 4351 386 4398 1.
398 4349 469 4399 xxi.
486 4366 506 4399 ο.
519 4357 558 4398 20.
577 4353 700 4398 *Fortnme
731 4355 812 4416 Polyb.
825 4353 841 4403 i.
854 4354 886 4402 11.
898 4353 923 4402 el
932 4356 994 4404 Plut.
1007 4355 1032 4402 ia
1044 4355 1126 4404 Acuta·

181 4421 308 4484 Ιοςοιιᾶοπι
326 4422 365 4465 eet
375 4421 458 4464 enaim
472 4431 533 4478 enm,
545 4431 629 4479 nempe
644 4431 701 4464 aon·
1179 4443 1180 4446 κ
