3120 4984
462 177 557 238 LIB.
577 175 694 236 XLIII.
722 175 826 236 CAP.
848 177 889 237 11.
1170 184 1211 248 97
1315 174 1319 180 ’

137 337 232 415 urbe3
261 351 294 404 et
321 350 476 426 quantum
499 340 679 407 adcelerare
700 353 839 427 possent,
867 340 1011 406 Cassium
1034 340 1246 421 consulemu.
1259 363 1354 414 mter.

138 427 331 516 ubicumque
347 426 396 504 sit,
413 441 660 515 persequentum
684 430 845 507 nuncient,
860 451 899 492 ne
913 426 1032 492 bellum
1053 450 1126 493 cum
1143 429 1246 495 ulla*-
1258 433 1285 476 (ὲ
1300 429 1356 478 17]·

31 591 32 602 ¹
136 526 230 636 gente
256 526 390 592 moveat,
417 515 476 578 nisi
500 536 572 580 cum
596 539 660 600 qua
682 529 807 580 sanatus
832 515 1008 603 gerendum
1032 527 1206 580 censuerat.

31 605 32 666 l
160 598 206 663 Le
247 600 272 663 ti
297 601 329 665 hi
351 601 495 685 profecti,
525 601 576 667 M.
601 603 768 666 Cornelius
796 602 968 689 Cethegus,
992 600 1042 665 M.
1063 601 1204 679 Fulvius,

30 749 31 768 ,
137 685 174 750 Ρ.
233 686 337 752 arcius
357 687 437 752 Rex.
482 686 590 753 Metus
605 688 646 753 de
667 688 795 753 consule
810 703 905 776 atque
917 688 1061 753 exercitu
1074 687 1207 755 distulit

30 789 31 834 3
134 794 173 836 eo
187 784 334 857 tempore
348 775 528 841 muniendae
545 775 703 861 Aquileiae
717 797 838 840 curam.

176 859 224 925 II.
248 859 419 946 Hispaniae
441 861 556 926 deinde
570 863 734 948 utriusque
754 861 851 950 legati
869 860 990 948 aliquot
1011 861 1204 945 populorum
1215 881 1337 940 Hispano-

31 1031 32 1034 *
132 944 164 1008 in
187 947 333 1010 senatum
356 947 541 1013 introducti.
587 949 626 1025 Ii,
647 949 688 1013 de
715 951 954 1036 magistratuum
981 949 1201 1012 Romanorum
1212 957 1363 1004 mmquera

131 1032 265 1097 avaritia
286 1035 497 1120 superbiaque
518 1036 692 1119 conquesti
715 1035 775 1098 nisi
797 1034 931 1122 genibus
953 1034 994 1098 ab
1016 1047 1125 1099 senatu
1148 1058 1203 1121 pe·
1212 1011 1362 1124 {gem

131 1119 262 1197 tierunt,
277 1141 319 1183 ne
334 1143 365 1184 se
381 1121 482 1185 socios
496 1119 609 1185 foedius
625 1121 754 1204 spoliari
769 1121 952 1215 vexarique,
967 1143 1061 1207 quarn
1086 1121 1201 1200 hostes,

130 1207 306 1288 patiantur.
351 1207 462 1284 Quum
485 1220 518 1272 et
538 1208 599 1272 alia
621 1207 753 1296 indigna
767 1223 983 1294 quererentur,
1001 1208 1202 1272 manifestum

130 1305 237 1358 autem
270 1306 361 1372 esset,
392 1294 542 1379 pecunias
567 1310 690 1380 captas3
730 1295 770 1360 L.
799 1293 953 1360 Canuleio
977 1295 1120 1379 praetori,
1148 1297 1203 1381 qui

132 1379 331 1464 Hispaniam
355 1381 483 1445 sortitus
506 1393 584 1458 erat,
608 1381 770 1468 negotIum
787 1381 897 1446 datum
920 1393 976 1458 est,
994 1379 1076 1445 utin
1092 1383 1203 1468 singu·

128 1464 224 1546 los,'a
239 1466 355 1552 quibus
380 1466 519 1552 Hispani
541 1469 691 1552 pecunias
712 1483 866 1554 peterent,
883 1468 996 1554 quinos
1018 1467 1203 1552 ⁶recupera-
1276 1543 1282 1556 ὀ

129 1566 216 1617 tores
239 1575 281 1618 ex
306 1553 418 1618 ordine
440 1556 598 1619 senatorio
620 1555 720 1630 daret,
737 1567 960 1641 patronosque,
977 1576 1057 1640 quos
1074 1554 1201 1632 vellent,
1227 1629 1232 1640 ⁵

127 1639 277 1704 sumendi
300 1653 486 1725 potestatem
509 1640 634 1706 laceret.
681 1642 810 1706 Vocatis
825 1642 858 1706 in
874 1643 995 1706 curiam
1019 1641 1130 1728 legatis
1153 1664 1202 1706 re-

126 1728 263 1791 citatum
280 1739 327 1791 est
349 1731 666 1804 senatusconsultum,
684 1729 827 1813 jussique
841 1729 1009 1792 nominare
1028 1741 1201 1811 patronosz

126 1828 269 1900 quatuor
295 1815 549 1890 nominaverunt,
573 1814 624 1879 M.
649 1814 800 1879 Porcium
826 1814 993 1891 Catonem,
1019 1815 1057 1878 P.
1081 1814 1202 1878 Corne-

127 1900 208 1965 lium
234 1899 297 1964 Cn.
319 1900 358 1966 F.
376 1901 569 1986 Scipionem,
593 1901 656 1968 ⁶L.
673 1901 842 1966 AEmilium
866 1903 903 1966 L.
921 1901 959 1966 F.
976 1900 1137 1978 Paullum,
1162 1901 1202 1966 C.

128 1985 310 2068 Sulpicium
329 1987 472 2053 Gallum.
516 1987 623 2052 ⁷Cum
641 1988 691 2053 M.
704 1987 827 2053 Titinio
842 1990 994 2075 primum,
1010 1991 1064 2074 qui
1083 2000 1203 2072 praetor

125 2075 171 2138 A.
187 2072 327 2151 Manlio,
344 2074 395 2139 M.
410 2073 509 2140 Junio
527 2074 708 2140 consulibus
730 2075 763 2138 in
788 2076 935 2140 citeriore
958 2075 1121 2160 Hispania
1134 2074 1203 2140 fue·

126 2173 189 2240 rat,
204 2175 445 2246 recuperatores
461 2173 647 2228 sumserunt.
695 2161 751 2227 Bis
766 2161 945 2246 ampliatus,
964 2163 1059 2227 tertio
1074 2161 1203 2226 absolu-

125 2258 180 2312 tus
196 2258 243 2311 est
257 2269 341 2312 reus.
386 2241 553 2313 Dissensio
575 2248 658 2312 inter
673 2248 809 2312 duarum
824 2249 1060 2332 provinciarum
1083 2248 1202 2334 legatos

126 2348 176 2398 est
202 2346 290 2398 orta:
323 2334 478 2399 citerioris
502 2335 668 2420 Hispania
690 2333 800 2420 populi
825 2333 874 2399 M.
892 2334 1047 2399 Catonem
1070 2346 1103 2398 et
1134 2334 1203 2398 Sci·
1241 2415 1244 2426 Ι

124 2421 276 2506 pionem3
299 2421 456 2487 ulterioris
480 2421 520 2487 L.
534 2419 683 2486 Paullum
704 2433 735 2485 et
752 2419 883 2485 Gallum
902 2420 1078 2506 Sulpicium
1094 2432 1202 2504 patro-

25 2571 26 2590 .
125 2531 187 2572 nos
213 2521 404 2573 sumserunt.
450 2507 504 2573 Ad
534 2519 769 2592 recuperatores
799 2507 926 2572 adducti
956 2531 973 2569 a
1003 2507 1202 2571 citerioribus

124 2594 256 2680 populis
272 2594 311 2660 P.
325 2595 442 2660 Furius
459 2592 580 2672 Philus,
597 2594 638 2658 ab
654 2593 856 2659 ulterioribus
873 2593 922 2659 M.
938 2593 1110 2659 Matienus.
1135 2593 1203 2659 ‘Ille

127 2683 186 2767 Sp.
205 2680 382 2758 Postumio,
399 2683 439 2752 Q.
457 2680 570 2747 Mucib
588 2681 770 2746 consulibus
785 2681 922 2745 triennio
944 2691 1027 2759 ante,
1042 2678 1096 2745 hic
1112 2679 1201 2745 bien·

124 2770 183 2832 nio
197 2768 297 2855 prins,
315 2768 356 2836 L.
370 2769 556 2871 qutumio,·
567 2769 618 2870 M.
636 2768 775 2854 Popillio
790 2767 983 2845 consulibus,
999 2780 1120 2852 praetor
1134 2766 1201 2832 lue-

25 2851 26 2914 ]
125 2868 188 2920 rat.
236 2855 439 2919 Gravissrmrs
468 2855 653 2921 cumrnrbus
683 2855 821 2921 accusati
851 2855 945 2920 ambo
974 2853 1199 2940 ampliatique:

125 2964 227 3029 quum
243 2938 379 3007 dIcenda
393 2943 434 3007 de
448 2943 573 3030 integro
587 2964 696 3007 caussa
712 2956 799 3019 esset,
816 2941 957 3007 excusati
973 2942 1075 3006 exsilii
1090 2964 1202 3007 caussa

124 3030 229 3094 solum
256 3029 395 3094 vertisse.
441 3029 557 3093 Furius
587 3031 756 3106 Praeneste,
784 3027 949 3093 Matienus
979 3027 1085 3094 Tibur
1109 3051 1201 3093 exsu-

125 3116 227 3182 latum
244 3117 402 3182 abierunt.
447 3116 547 3180 Fama
562 3128 638 3192 erat,
656 3115 819 3201 prohiberi
834 3139 853 3179 a
867 3117 1009 3201 patronis
1023 3115 1147 3180 nobiles
1162 3138 1200 3181 ac

123 3216 275 3288 potentes
294 3201 503 3288 compellarc;
525 3203 674 3288 auxitque
696 3224 766 3267 eam
790 3202 1001 3285 suspicionem
1027 3201 1200 3266 Canuleius

25 3321 26 3324 ¹
123 3306 258 3376 praetor,
275 3290 372 3377 quod,
394 3289 509 3354 omissa
526 3312 563 3354 ea
576 3311 622 3367 re,
645 3287 802 3355 delectum
825 3288 942 3352 habere
956 3288 1102 3352 instituit.
1123 3287 1198 3354 dein

123 3382 254 3463 repente
276 3377 309 3440 in
330 3376 527 3462 provinciam
543 3375 630 3451 abiit,
645 3397 686 3439 ne
700 3378 808 3460 plures
823 3374 863 3438 ab
880 3374 1033 3460 Hispanis
1046 3395 1199 3438 vexaren-

123 3477 188 3533 tur.
236 3464 298 3552 Ita,
314 3463 485 3550 praeteritis
507 3462 632 3527 silentio
653 3462 838 3540 obliteratis,
854 3461 886 3524 in
903 3463 1046 3525 loturum
1070 3459 1198 3524 consul-

123 3564 193 3618 tum
215 3550 257 3617 ab
280 3564 392 3616 senatu
419 3546 587 3636 Hispanis,
610 3549 697 3639 quod
723 3549 945 3636 impetrarunt,
966 3547 1025 3614 ⁸'ne
1046 3545 1197 3612 frumenti

157 3793 277 3856 lugat!
294 3795 321 3842 Iri
336 3795 451 3860 prosecta]
486 3797 527 3845 SIc
550 3796 647 3844 edidere
678 3797 902 3858 postularunt,.qui
918 3796 982 3842 Inter
998 3807 1023 3840 re
1040 3799 1064 3840 et
1082 3791 1119 3839 Μ.
1137 3793 1199 3840 'ttri-

127 3859 252 3906 Gronovii.
284 3861 354 3910 Prius
364 3862 484 3923 legalitif
502 3862 647 3924 undeSIgo·
678 3864 749 3909 nium
764 3863 942 3922 disceptarent3
967 3858 1004 3906 M.
1019 3857 1111 3906 'tttinio
1128 3858 1198 3904 litem

126 3923 182 3970 nius
193 3925 312 3974 effldebdt
322 3927 393 3990 legati
404 3927 458 3974 111.
469 3927 496 3974 id
506 3933 544 3974 est
555 3931 608 3973 trec.
678 3927 836 3974 intenderunt
847 3927 913 3986 apud
924 3929 1110 3984 recuperatores.

158 3988 175 4034 ὅ
190 3988 383 4056 Ramnes]
401 3993 462 4042 vid.
472 3999 523 4041 not.
535 3990 575 4040 ⁵2.
587 3991 618 4038 ad
629 3991 646 4036 I.
709 3992 727 4039 8
744 3991 786 4038 Nc
795 3989 915 4052 frumenti
925 3985 1115 4049 oesttmartmm]
1140 3987 1198 4034 Duo

126 4053 227 4100 xxvt.
239 4070 261 4103 c.
272 4057 313 4104 ts.
394 4075 403 4088 ·
676 4057 790 4104 videntur
800 4056 840 4101 htc
856 4053 973 4113 distingui
988 4051 1106 4099 frumenti
1122 4065 1197 4113 gene·

157 4120 173 4166 6
190 4118 220 4166 L.
231 4119 368 4178 Marna,
379 4121 411 4170 L.
421 4123 467 4188 R]
490 4120 644 4169 Vetustiores
675 4136 713 4176 ra,
724 4121 874 4167 aestimatum
891 4123 916 4163 et
926 4123 1049 4177 emptum,
1058 4117 1089 4163 de
1106 4117 1197 4175 qulbus

126 4183 254 4244 widona,
271 4194 296 4234 et
315 4187 408 4234 iudices
429 4201 461 4236 ex
481 4188 513 4234 iit
530 4183 645 4244 conlecti,
676 4185 834 4234 fuedittserit
844 4182 894 4228 Cic.
903 4182 930 4227 in
939 4181 1011 4228 Verr.
1021 4183 1039 4230 l.
1047 4182 1094 4229 111.
1113 4181 1198 4229 Pn'mo

127 4248 357 4307 uersuum.
459 4297 463 4304 ,
677 4251 777 4312 quidem
800 4247 983 4307 magistratibus
1005 4246 1125 4293 Romanis
1147 4247 1200 4293 fru-

161 4313 176 4360 7
194 4313 255 4360 Cum
265 4314 307 4362 M.
320 4317 413 4365 Ninia
429 4349 436 4364 .
451 4348 459 4362 .
475 4319 647 4378 recuperatores
677 4320 791 4362 mentum
802 4314 829 4360 in
839 4311 936 4366 cellam.
948 4313 974 4359 id
985 4317 1031 4366 est,
1043 4312 1069 4359 in
1084 4311 1200 4358 domati

127 4379 287 4446 MWW]
321 4381 510 4445 Recuperatoras
532 4381 579 4429 sibi
594 4381 646 4429 dari
678 4393 737 4428 cum
757 4389 872 4437 usum,a
893 4377 1082 4437 provmcialibus
1102 4389 1199 4424 aumas
