3120 4984
462 177 900 254 clamucium.
1030 147 1040 168 ”
1159 199 1217 254 uss

142 355 222 421 iuter
237 358 429 422 Macedonas
443 357 659 440 &moetasque
680 365 765 429 esset,
781 355 842 419 sibi
860 354 1027 420 amicitiam
1051 379 1117 422 cum
1137 381 1211 446 rege
1219 369 1248 418 tt.
1261 371 1289 421 c.
1300 369 1356 420 ess.

143 445 262 508 Perseo
272 455 413 526 emptam.
428 465 536 507 samse
546 443 665 519 inuitos,
676 443 759 506 uallo
770 440 835 524 ejus
849 443 879 504 iu
893 463 926 505 se
940 446 1057 522 urerito,
1069 448 1209 529 quoniam
1218 437 1248 482 Α
1261 437 1289 485 ⁰·
1301 436 1355 485 ¹⁶⁹·

141 531 187 594 ita
199 532 354 596 Romanis
363 530 455 596 uisum
467 531 507 593 sit
520 530 551 591 iu
564 531 734 593 societatem
744 550 776 590 se
786 528 855 591 belli
865 529 993 607 trabere,
1006 533 1209 614 interrupisse.

145 617 279 682 Tertium
292 639 325 680 ae
339 639 451 682 onasum
473 616 571 678 multo
593 615 659 699 mus
685 615 876 678 incommoda
899 616 968 678 belli
990 619 1108 684 sentire.
1132 622 1212 684 suari

139 704 315 781 intercluso,
330 703 435 786 iuopia
448 701 577 766 inertiam
591 701 694 782 premi,
707 701 827 764 ambria
840 699 867 738 ⁸³
875 703 1036 766 maritimis
1049 705 1210 790 uectigali·

141 790 199 854 bus
210 799 304 874 atque
313 790 536 855 commeatibus.
583 787 684 863 Quum
695 787 729 850 id
741 786 823 850 ultra
836 788 903 868 pati
913 809 970 852 noa
981 801 1110 870 possent,
1124 793 1210 880 lega-

141 884 189 939 tos
204 876 283 940 alios
297 879 340 941 ad
356 877 473 942 Perseo
493 876 527 937 iu
543 875 760 938 Macedoniam
779 873 901 950 minere,
924 876 977 960 qui
999 877 1027 939 ei
1048 879 1208 943 denuncio·

140 973 218 1040 rent,
233 964 368 1027 Rhodiis
379 963 512 1046 plaeere,
524 982 631 1043 pacem
645 981 711 1024 eum
724 979 901 1042 componere
911 981 975 1024 cum
988 961 1156 1028 Romanis.-
1178 987 1211 1031 se

139 1050 274 1114 Romam
297 1051 404 1114 eadem
431 1048 606 1113 nunciatam
634 1047 752 1111 missos.
795 1047 861 1110 Per
888 1068 962 1130 quos
989 1050 1128 1129 stetisset,
1150 1073 1210 1135 quo

140 1137 239 1200 miuus
253 1135 511 1216 bellifiuisfieret,
527 1133 673 1198 adversus
687 1153 738 1197 eos
755 1132 829 1216 qaid
851 1133 912 1197 sibi
927 1132 1107 1215 sceiermum
1121 1148 1207 1215 esset,

138 1223 280 1287 Rhodios
300 1223 540 1287 consideraturos
560 1241 631 1285 esse.
676 1218 727 1283 Ne
741 1239 828 1282 nune
847 1218 976 1304 quidem
991 1219 1062 1293 hoec
1077 1222 1144 1286 sine
1157 1223 1207 1286 in·

139 1308 326 1395 dignatione
349 1309 411 1396 legi
432 1307 574 1373 audirive
594 1327 697 1391 posse,
716 1318 839 1369 certum
862 1305 973 1384 habeo,
1002 1307 1079 1372 inde
1100 1307 1207 1374 existi-

140 1396 223 1544 }nari
237 1406 356 1481 potest,
370 1395 426 1481 qui
439 1393 566 1462 habitus
587 1392 768 1457 animorum
789 1390 990 1458 audientibus
1004 1415 1041 1459 eu
1058 1394 1206 1460 Patribus

153 1482 246 1547 uerit.

183 1568 258 1632 XV.
283 1568 450 1650 Claudius,
473 1569 553 1634 nibil
576 1589 773 1656 responsum,
797 1579 993 1636 auctorest:
1017 1583 1141 1638 tantum
1158 1593 1206 1636 se·

139 1655 416 1721 natusconsultum
431 1656 605 1732 recitatum,
621 1675 687 1741 quo
703 1655 803 1720 Caras
817 1671 849 1721 et
864 1655 981 1742 Lycios
1001 1657 1119 1724 liberos
1140 1677 1348 1738 &secerneres

133 1741 264 1827 juberet
277 1741 415 1868 ponpulus
428 1741 605 1818 Romanus,
616 1742 787 1827 literaeque
801 1742 967 1828 externplo
981 1744 1023 1808 ad
1037 1758 1206 1834 utramque
1214 1745 1310 1820 sm?

138 1832 293 1916 gentem*
343 1827 461 1893 scirent
480 1828 655 1894 indicatum
678 1827 772 1894 mitti.
818 1827 1013 1904 Quaaudita
1026 1854 1071 1909 re,
1086 1810 1322 1927 prinei-w

140 1937 215 2000 pem
241 1915 419 1999 legationis,
450 1915 538 2015 cujus
566 1913 871 2000 magniloquentiam
900 1916 955 1980 vix
983 1918 1073 1983 curia
1097 1918 1208 2005 paullo
1271 1907 1279 1922 ”

140 2013 216 2067 ante
230 2015 367 2088 ceperat,
382 2021 556 2067 conrursse.
600 2000 666 2066 Alii
686 2021 874 2085 responsum
894 2023 963 2067 esse
984 2004 1126 2082 tradunt,
1141 2007 1208 2071 Po·

136 2090 242 2172 pulum
256 2089 428 2154 Romanum
444 2097 474 2151 et
483 2087 629 2170 principio
643 2086 731 2170 luejus
744 2087 814 2152 belli
835 2089 918 2152 lsuud
937 2092 1023 2154 naun
1041 2094 1210 2158 cusatoribus

140 2186 318 2258 compertum
343 2177 492 2252 habuisse,
508 2174 644 2239 Rhodios
664 2195 732 2236 cum
745 2174 859 2239 Perseo
879 2197 952 2260 rege
973 2181 1117 2244 aduersus
1129 2201 1209 2244 rem·

82 2291 84 2302 ·
138 2263 292 2346 publicam
304 2285 394 2328 suam
406 2259 522 2326 occulto
540 2259 665 2324 consilia
685 2259 793 2323 iusisse.-
817 2271 857 2337 et,
884 2261 912 2324 si
932 2262 967 2324 id
991 2273 1064 2327 aute
1086 2266 1209 2329 dubium

132 2348 258 2431 suisset,
275 2350 445 2434 legatorum
457 2347 560 2429 paullo
582 2353 654 2408 aute
674 2346 766 2408 umba
791 2349 833 2409 ad
858 2357 971 2410 certum
984 2349 1154 2434 redegisse:
1178 2363 1209 2415 et

135 2439 316 2522 plerumque
329 2436 427 2517 ipsam
441 2453 474 2496 se
489 2431 646 2514 fraudem,
664 2431 781 2494 etiamsi
795 2432 881 2495 initio
901 2433 1017 2498 cautior
1028 2433 1139 2516 fiterit,
1155 2439 1208 2502 de-

142 2533 252 2610 tegere.
299 2522 434 2587 Rhodios
447 2518 590 2582 ”nuncio
603 2517 636 2580 iu
650 2518 720 2580 orbe
746 2528 896 2582 terrarum
916 2521 1046 2584 arbitria
1063 2521 1132 2585 belli
1149 2545 1208 2605 pa-

139 2611 237 2696 cisque
250 2630 363 2695 agere:
385 2606 412 2646 ⁸⁶
423 2607 560 2671 Deorum
573 2613 646 2667 uuus
660 2624 749 2668 arma
762 2615 908 2670 sumturos
922 2607 1128 2692 positurosque
1142 2612 1208 2675 Ro-

140 2717 244 2761 monos
258 2717 331 2760 esse.
341 2693 413 2778 jam
427 2715 487 2756 uon
501 2687 742 2772 Deossoederum
757 2700 853 2768 testes,
869 2694 923 2756 sed
936 2692 1075 2758 Rhodios
1090 2697 1209 2761 hobitu-

140 2805 199 2849 ros.
223 2781 369 2846 '⁸⁷Itaue
381 2781 508 2845 tandem
520 2777 558 2843 iis
573 2786 729 2861 pareatur,
746 2778 950 2862 exercitusque
970 2782 1009 2844 de
1023 2780 1210 2849 Macedonia

171 2955 375 3006 svesamma
409 2955 559 3018 uectigalibus
595 2967 658 3016 reque
685 2956 774 3016 puritia
786 2958 886 3016 pratae
895 2955 1211 3004 Fuluiaetseuetureomsul·

137 3021 312 3085 commeatuum]
330 3022 457 3069 Maritima
468 3020 658 3082 uectigaliasunt
690 3025 741 3067 ium
752 3020 858 3066 tradidit.

138 3086 253 3146 portoria,
262 3091 286 3132 et
297 3085 352 3132 alite
363 3088 486 3133 mercedes
494 3099 550 3146 qnae
558 3086 584 3131 in
590 3083 657 3146 'pub-
721 3083 754 3131 85
770 3083 878 3148 Nescio]
896 3085 950 3132 Uno
965 3087 1054 3133 nuncio
1065 3101 1108 3148 per
1118 3088 1211 3136 Orbem

138 3151 215 3198 licum
235 3151 407 3212 redigebantur
423 3163 454 3196 ex
472 3151 594 3196 mercibus
610 3150 658 3194 im-
690 3155 810 3195 terrarum
833 3150 916 3195 misso.
950 3149 990 3196 Sic
1007 3151 1057 3197 Cic.
1078 3165 1122 3212 pro
1144 3151 1211 3212 Lege

136 3215 239 3276 portatis
260 3215 286 3262 ln
305 3215 421 3264 insulam.
453 3213 574 3262 Maritimt
592 3225 660 3260 com·
693 3212 781 3262 Manil.
796 3225 822 3262 n.
839 3212 878 3259 11.
895 3215 928 3260 lai
946 3215 1035 3262 civium
1051 3215 1211 3262 Romanorum

138 3285 244 3336 meatus,
261 3292 412 3340 quaecunque
430 3279 493 3326 meri
509 3278 660 3326 invehuntur
691 3277 795 3324 millibus
810 3289 858 3324 urso
873 3279 959 3325 nuncio
977 3283 1044 3340 atque
1055 3295 1102 3327 uuo
1112 3285 1212 3342 tempore

137 3346 169 3391 ad
180 3345 461 3392 usumcommoditrtem
479 3357 509 3390 ue
520 3343 586 3390 vitre.
691 3344 788 3389 nemen.

170 3409 205 3457 84
220 3409 314 3457 Seirest
342 3357 485 3472 tuttmtoml
517 3406 581 3456 Hac
607 3417 660 3453 eor·
723 3406 756 3454 86
772 3407 882 3456 Danum
902 3408 974 3471 nutu]
1003 3408 1085 3470 Magis
1106 3409 1213 3468 placeret

137 3481 211 3534 rupta
227 3486 280 3522 esse
302 3473 381 3520 cuivis
398 3477 505 3534 apparet.
547 3471 660 3532 Sigonius
691 3483 781 3528 eorum,
801 3486 890 3533 nempe
906 3473 1072 3520 Rhodiorum:
1091 3473 1213 3533 siquidem

138 3537 270 3598 legendum
281 3544 353 3598 putat
371 3540 399 3582 ut
415 3538 516 3584 smmi.-
532 3537 560 3583 id
573 3542 619 3588 est.
632 3540 660 3582 ut
692 3533 718 3580 ln
737 3537 832 3583 duobus
849 3537 965 3584 orationis
980 3539 1106 3596 membris,
1123 3550 1214 3598 praece·

138 3603 230 3649 Rhodii
241 3603 330 3650 scirent
340 3615 392 3648 rem
404 3603 535 3649 indicetum
546 3613 599 3646 esse
610 3599 660 3660 Ly·
692 3600 761 3646 denti
782 3608 807 3647 et
825 3602 945 3662 sequenti,
965 3614 1048 3648 amara
1069 3609 1214 3663 punguntur

139 3668 184 3714 ciis
195 3671 221 3714 et
237 3668 346 3715 Caribus.
381 3667 428 3713 Sed
441 3667 488 3713 hoc
506 3665 576 3712 nobis
592 3664 662 3723 frigi·
693 3665 771 3711 ironia
789 3665 888 3721 Rhodii,
903 3679 959 3727 quae
977 3667 1050 3726 perit,
1068 3668 1088 3712 si
1107 3666 1213 3726 legimns

139 3733 201 3778 dum
212 3739 239 3778 et
249 3733 381 3779 obscurum
393 3732 496 3778 videtur.
530 3729 613 3791 Magis
624 3729 662 3774 in-
693 3727 805 3786 deorum,-
830 3731 959 3787 retinetur,
979 3731 1000 3776 si
1016 3732 1158 3792 reponimus
1176 3743 1213 3776 ao-

139 3792 662 3844 elinutsententiautcredamussiscireat
693 3805 755 3841 rum.
790 3794 846 3842 Nisi
856 3796 945 3842 melius
964 3801 1001 3842 est
1020 3796 1100 3856 legere
1111 3793 1214 3842 Rhodia·

139 3861 271 3908 emmam
286 3862 318 3908 sb
332 3861 414 3920 aliquo
432 3860 587 3906 emendatore
597 3870 661 3914 esse,
693 3874 757 3908 rum.
792 3861 822 3906 ln
839 3861 893 3920 ipsa
908 3861 975 3906 enim
990 3861 1134 3920 repetitione
1150 3860 1214 3906 inest

137 3926 183 3988 qui
205 3928 362 3986 depravatam
382 3924 536 3985 aliquatenus
554 3930 662 3969 veterem
694 3924 787 3982 aliquid
795 3925 919 3970 irrisionis.

138 3992 286 4050 scripturam
308 3995 394 4036 nactus
416 3988 495 4050 meme
515 3987 660 4040 foedaverits
724 3987 962 4051 susurrantem]
981 3989 1056 4036 Hunc
1075 3990 1157 4036 locum
1180 3989 1215 4037 sic

139 4055 291 4117 Liviumque
301 4054 438 4114 scripsisse:
457 4053 606 4114 suturaque
621 4065 662 4098 es·
694 4054 774 4113 legere
788 4060 813 4098 et
826 4054 999 4116 interpungere
1009 4055 1129 4114 placeretr
1148 4053 1217 4105 Itarse

140 4120 398 4182 inuptoadatramquc
411 4120 507 4180 mntem
520 4123 544 4164 et
559 4120 663 4163 senatus-
695 4116 809 4164 moderni
849 4117 889 4164 Ni
912 4122 1034 4178 parcatur,
1057 4121 1217 4182 secretiusque

139 4185 271 4231 eanmltmu
280 4184 354 4231 mitti.
378 4182 474 4243 Nempe
485 4195 540 4228 mas
550 4188 587 4228 est
598 4193 663 4241 saepe
695 4179 724 4228 ds
739 4180 877 4229 Macedonia
893 4182 1048 4242 deponantur,
1060 4186 1152 4232 amaros
1170 4199 1219 4233 erse

139 4253 245 4296 testatum
256 4247 337 4305 Livio,
348 4253 377 4296 ut
386 4247 477 4295 littere
489 4243 594 4309 alicujus
610 4257 663 4291 ma·
694 4246 751 4306 quid
763 4246 811 4293 sios·
820 4245 959 4310 faciendum
974 4247 1027 4295 stur
1056 4249 1118 4296 Haec
1128 4249 1217 4297 meme

137 4313 258 4373 gistretm
267 4325 326 4360 curm
337 4313 548 4362 senamseonsulto
562 4311 663 4358 minan-
696 4313 927 4359 vmbuexoratione
938 4311 1091 4364 Rhodiorum
1101 4313 1216 4375 desump-

139 4383 189 4426 tur.
214 4377 255 4427 sie
265 4378 283 4426 l.
294 4377 398 4426 xxvt.
410 4391 431 4424 c.
441 4375 481 4428 lt.
490 4376 603 4426 terum
611 4373 664 4424 cat-
695 4381 731 4435 ts,
742 4376 784 4424 tris
792 4387 837 4436 per
844 4377 979 4427 brisianem
990 4384 1142 4440 repetuntur.

748 4446 808 4504 xl
