3120 4984
440 171 534 234 ΜΒ.
563 171 675 233 xnrv.
702 171 935 232 cnr...xv11.
1166 175 1226 249 137

152 338 208 428 qui
222 337 371 406 tribunus
386 337 489 424 plebis
509 361 563 404 eos
584 337 738 404 violenter
752 336 778 378 ⁹⁵
788 350 967 415 accusarat3
991 337 1077 405 tribu
1099 361 1265 430 qnoqueu.
1279 361 1306 425 u,
1317 358 1373 409 sse

152 429 181 494 is
203 437 321 504 motus,
342 425 410 490 l⁶et
431 427 563 490 seranus
579 423 695 490 factm.
740 426 789 490 Ad
814 445 912 510 opera
932 425 1062 511 publica
1081 426 1264 498 facienda&
1277 427 1304 476 ⁰·
1317 425 1372 474 ¹⁶⁹·

154 536 255 602 quum
271 513 315 578 eis
330 512 500 578 dimidium
515 535 556 577 ex
570 511 776 600 vectigalibus
791 513 858 598 ejus
874 511 950 577 anni
969 513 1168 580 adtributum
1183 540 1226 584 ex

152 599 427 666 senatusconsulto
442 623 461 664 a
476 599 687 686 quaestoribus
711 612 808 675 esset3
832 598 886 662 Ti.
904 600 1111 685 Sempronius
1122 624 1140 666 e
1151 626 1173 668 x
1189 627 1228 670 ea

153 689 301 774 pecunia,
325 709 398 772 quae
420 687 481 772 ipsi
502 686 662 752 adtributa
683 699 762 763 erat,
785 685 871 750 aedes
894 685 933 752 P.
949 686 1093 752 Africani
1108 689 1228 775 ⁹⁷pone

155 775 289 840 Veteres
318 773 372 837 ad·
393 773 562 840 Vortumni
592 774 730 860 signnm,
756 771 996 860 9⁸lanienasque
1022 788 1053 840 et
1079 776 1228 843 tabernas

154 862 342 947 conjunctas
372 861 405 924 in
442 859 606 944 publicum
636 859 726 936 emit,
755 859 1016 947 ”basilicamque
1050 862 1228 928 faciendam

155 947 289 1024 curavit,
306 969 379 1034 quae
393 961 504 1033 postea
520 947 708 1032 Sempronia
723 944 881 1031 adpellata
896 959 953 1011 est.

200 1033 318 1099 XVII.
340 1033 413 1099 Jarn
436 1035 471 1098 in
492 1033 583 1098 exitu
605 1053 707 1098 annus
729 1045 806 1110 erat,
823 1045 855 1097 et
875 1045 1008 1119 propter
1024 1033 1229 1103 Macedonici

156 1123 300 1188 maxime
310 1120 385 1186 belli
396 1143 505 1186 curam
517 1120 550 1184 in
561 1121 758 1184 sermonibus
767 1118 911 1185 homines
921 1119 1092 1199 habebant,
1105 1145 1185 1208 quos
1194 1126 1229 1188 in

157 1230 277 1274 annum
285 1207 435 1276 consules
444 1207 486 1273 ad
498 1207 674 1272 finiendum
686 1206 815 1271 tandem
826 1205 859 1270 id
872 1206 989 1270 bellum
999 1221 1154 1274 crearent.
1171 1211 1230 1275 ita-

157 1317 221 1382 que
229 1295 537 1360 senatusconsultum
549 1294 667 1360 factum
680 1305 737 1371 est,
748 1308 785 1357 ut
796 1293 858 1358 Cn.
869 1293 1022 1360 Servilius
1032 1296 1138 1379 primo
1150 1318 1231 1382 quo·

158 1403 222 1468 qne
235 1383 433 1466 temporead
443 1382 575 1447 comitia
589 1380 735 1446 habenda
749 1380 880 1446 veniret.
912 1382 1230 1450 senatusconsultum

157 1467 344 1553 ¹Sulpicins
358 1482 480 1554 praetor
501 1469 543 1533 ad
565 1467 728 1534 consulem
740 1471 757 1504 *
767 1481 843 1551 post
857 1489 977 1553 paucos
991 1468 1059 1533 dies
1074 1470 1230 1550 recitavit,

159 1555 276 1644 quibus
291 1556 466 1621 antediem
478 1558 517 1596 *⁸*
527 1557 561 1620 in
576 1555 688 1622 urbem
703 1568 883 1619 venturum.
929 1555 973 1620 Et
994 1555 1106 1620 consul
1127 1569 1233 1623 matu-

159 1643 254 1720 ravit,
279 1655 311 1706 et
337 1643 466 1708 comitia
494 1665 534 1708 eo
561 1641 625 1718 die,
652 1641 708 1728 qui
737 1640 842 1706 dictus
870 1653 949 1719 erat,
980 1655 1053 1706 sunt
1083 1644 1352 1728 perfectacnmma

161 1728 318 1794 Consules
341 1730 438 1794 creati
460 1730 500 1795 L.
519 1728 673 1796 AEmilius
697 1727 825 1793 Paullus
846 1728 975 1806 iterum,
997 1728 1156 1814 ²septimo
1177 1732 1235 1798 de·

161 1816 246 1880 cimo
268 1837 355 1902 anno
378 1831 548 1903 postquam
574 1816 681 1901 primo
706 1814 817 1880 consul
839 1815 953 1892 fuerat,
974 1828 1005 1881 et
1027 1816 1067 1880 C.
1090 1817 1234 1884 Licinius

162 1901 307 1968 Crassus.
353 1902 512 1968 Praetores
532 1914 661 1988 postero
681 1900 735 1966 die
754 1901 832 1968 facti
852 1901 913 1966 Cn.
930 1901 1062 1968 Baebins
1077 1905 1235 1990 Tamphi-

160 1989 220 2066 lus,
238 1989 277 2053 L.
302 1989 437 2054 Anicius
459 1989 583 2074 Gallus,
599 1991 666 2055 Cn.
690 1988 854 2067 Octavius,
871 1988 909 2053 P.
927 1988 1079 2056 Fonteius
1097 1991 1234 2072 Balbus,

163 2075 215 2140 M.
231 2075 387 2142 AEbutius
402 2076 493 2155 Eira,
511 2077 550 2141 C.
568 2073 716 2161 Papirius
731 2076 849 2142 Carbo.
894 2075 1015 2142 Omnia
1030 2092 1066 2143 ut
1081 2080 1236 2146 maturius

161 2176 343 2251 agerentur,
357 2164 432 2228 belli
445 2163 644 2228 Macedonici
660 2161 843 2227 stimulabat
857 2183 944 2234 cura.
965 2165 1075 2250 itaque
1089 2165 1236 2252 designa-

161 2262 212 2315 tos
225 2251 388 2336 extemplo
410 2250 516 2316 sortiri
536 2250 659 2336 placuit
676 2247 875 2334 provincias3
898 2262 944 2326 ut,
961 2253 1026 2314 utri
1042 2250 1237 2318 Macedonia

162 2336 295 2414 consuli,
316 2335 454 2424 ³cuique
474 2337 606 2423 praetori
627 2335 734 2400 classis
756 2335 899 2412 venisset,
922 2335 1075 2401 sciretur:
1106 2351 1142 2402 ut
1165 2341 1235 2424 jam

162 2422 240 2488 inde
261 2424 440 2514 cogitarent
462 2436 683 2510 pararentque,
706 2442 780 2508 quae
802 2421 887 2486 bello
911 2422 984 2487 usui
1005 2422 1119 2500 forent,
1144 2447 1236 2490 sena·

162 2522 297 2597 tumque
311 2511 521 2588 consulerent,
537 2511 564 2575 si
579 2533 642 2596 qua
656 2531 691 2587 re
704 2507 852 2574 consulto
867 2530 948 2594 opus
962 2522 1051 2574 essct.
1085 2512 1234 2591 Ιιαΐὶπαε,

162 2598 217 2662 ubi
240 2601 455 2683 magistratum
477 2600 614 2673 inissent,
636 2597 717 2681 qnod
735 2617 797 2678 per
814 2598 981 2682 religiones
1000 2607 1114 2680 posset,
1130 2601 1237 2682 primo

164 2705 281 2768 qnoque
294 2695 428 2768 tempore
436 2687 520 2768 fieri
536 2687 681 2768 placara-
704 2705 800 2770 neque
813 2685 972 2761 conantem,
988 2686 1039 2748 cui
1058 2688 1187 2750 eundum
1203 2689 1237 2752 in

165 2771 387 2838 Macedoniam
402 2783 486 2849 esset,
503 2773 613 2836 teneri.
658 2769 723 2836 His
738 2769 884 2847 decretis,
900 2769 1082 2837 consulibus
1098 2771 1191 2838 Italia
1206 2785 1238 2840 ct

166 2855 373 2938 Macedonia,
388 2858 591 2944 praetoribus,
609 2870 725 2942 praeter
746 2859 824 2922 duas
840 2857 1078 2944 jurisdictiones
1099 2860 1133 2924 in
1148 2861 1238 2942 urbe,

163 2945 282 3022 classis,
298 2958 330 3010 et
346 2946 517 3030 Hispania,
533 2959 565 3010 et
582 2947 699 3024 Sicilia,
716 2957 748 3009 et
769 2945 917 3010 Sardinia
938 2947 1112 3029 provinciae
1135 2948 1238 3012 nomi-

164 3044 251 3096 natae
273 3044 357 3097 sunt.
403 3033 592 3113 Consulum,
610 3033 745 3098 AEnrilio
768 3031 971 3108 Macedonia,
995 3033 1123 3099 Licinio
1145 3034 1240 3100 Italia

164 3119 280 3184 evenit.
327 3119 497 3197 Praetores,
516 3117 576 3185 Cn.
601 3120 731 3186 Babius
754 3118 920 3196 urbanam,
938 3119 978 3183 L.
995 3119 1128 3184 Anicius
1148 3145 1240 3206 pere·

189 3207 300 3284 rina'm,
317 3207 389 3271 etsi
404 3229 469 3292 qno
489 3221 618 3272 senatus
640 3206 820 3281 censuisset,
839 3205 902 3270 Cn.
919 3205 1074 3270 Octavius
1096 3207 1238 3288 classem,

164 3227 219 3358 P.
232 3293 385 3359 Fonteius
408 3293 612 3381 Hispaniam,
630 3295 680 3358 M.
696 3291 850 3358 AEbutius
866 3291 1018 3370 Siciliam,
1036 3292 1075 3358 C.
1093 3293 1241 3379 Papirius

170 3380 350 3446 Sardiniam
366 3393 412 3447 est
426 3384 565 3448 sortitus.
777 3413 779 3420 >

591 3551 614 3578 ss

202 3587 234 3636 95
250 3586 394 3651 Ascurum]
412 3589 481 3638 Lrbri
491 3589 688 3650 antesignatum
720 3588 818 3636 xxvl.
830 3603 851 3636 c·
863 3588 904 3638 il.

169 3654 292 3702 habebant
301 3657 433 3702 marat:
450 3655 573 3703 mendose.
755 3653 768 3701 l
785 3653 904 3715 Sulpicius
915 3657 1006 3715 pretor
1021 3653 1053 3700 ad
1068 3654 1182 3702 mutabas
1192 3657 1239 3702 md

201 3717 401 3780 wlitavam]
414 3717 591 3766 HocaFulvic
603 3718 690 3766 Ursino
722 3719 765 3782 ar]
783 3718 1241 3778 HielocussuppletusestexGrono·
1348 3778 1350 3782 Ι

169 3790 215 3832 est.
249 3783 497 3844 Pnusuropermtm.
723 3785 757 3831 vii
767 3791 865 3831 mente:
883 3789 990 3839 tantum,
1002 3785 1053 3832 dies
1069 3785 1242 3846 quoseinur-

202 3843 313 3901 titivm
323 3847 420 3910 warns]
434 3848 482 3896 Vel
490 3847 580 3898 excidit
587 3861 689 3906 nornen,
721 3849 778 3896 bem
790 3855 922 3896 venturum
938 3849 1057 3897 nauehu
1068 3849 1162 3906 consul,
1174 3855 1241 3896 certo

170 3909 563 3976 quodfflungaturcq'inctmmel
571 3914 633 3960 utin
642 3913 691 3960 illis
722 3914 975 3976 definirinonpotuit.
1237 3918 1240 3934 ’

169 3981 282 4026 locorum
308 3978 510 4041 appellationibus
538 3978 590 4025 fieri
619 3980 689 4033 solet,
755 3978 978 4039 cassaneam
993 3979 1065 4044 nano]
1087 3977 1241 4027 Imodecinw

170 4043 298 4092 brevitatis
308 4057 383 4094 causa
397 4057 429 4092 ex
439 4057 486 4090 usu
497 4045 623 4090 communi
633 4057 690 4105 aup-
723 4046 813 4105 quarto,
825 4043 906 4099 vel,si
923 4045 996 4091 ambo
1011 4045 1115 4091 extremi
1125 4045 1184 4092 anui
1195 4059 1242 4092 nu-

172 4109 335 4170 primebetur.
365 4109 431 4157 Illud
447 4109 559 4170 supplere
575 4121 625 4155 nou
635 4121 692 4156 nos·
723 4107 1054 4168 macomadiensem.

171 4179 299 4224 mamea
479 4213 481 4218 .
542 4209 547 4224 ,
755 4171 879 4232 ecanae
900 4174 1001 4234 pretori
1028 4173 1107 4220 clarck
1128 4169 1241 4238 aaran]

203 4239 238 4286 98
254 4237 384 4302 habam]
409 4239 449 4286 Sic
471 4238 600 4286 Turnebus
615 4234 691 4300 jussit
723 4237 790 4297 Lege
800 4236 920 4297 mouisset,
932 4239 970 4285 vel
980 4237 1110 4286 elusatum.
1128 4237 1242 4296 Slc’enins

171 4303 229 4363 legi.
250 4302 344 4356 ,Antea
353 4305 437 4364 lqacw
723 4302 814 4364 ubiqua
825 4299 918 4350 Livius.
1055 4323 1058 4330 ·
1235 4305 1242 4331 ⁸

205 4367 238 4414 ss
254 4359 399 4433 aanmml
420 4370 477 4418 vn.
496 4375 546 4416 nna
565 4366 607 4418 tn
623 4369 655 4416 aa
673 4369 690 4416 1.
1195 4378 1207 4393 ··
