3154 4984
503 233 554 292 ΕΙ
568 234 600 292 Β.
623 233 737 293 XLIV.
764 234 867 292 CAP.
889 231 984 291 XLV.
1228 232 1283 293 165

208 389 246 456 P.
264 393 373 481 Scipio
395 396 522 477 iserat,
541 397 711 463 Africanus
733 410 763 464 et
789 399 856 483 ipse
879 410 997 482 postea,
1013 393 1116 461 deleta
1139 394 1318 462 Kartha-u,
1332 413 1426 463 ctat

205 479 290 566 gine,
314 483 501 570 adpellatus,
525 486 679 550 naturalis
701 485 839 551 consulis
863 484 978 562 Paulli,
1000 483 1172 569 adoptione
1192 477 1358 556 Afri-A·⁰.·
1371 479 1426 529 ¹⁶⁸·

205 567 278 630 cani
300 591 408 654 nepos.
432 573 473 649 Is,
490 572 818 657 septimumdecimum
834 585 912 636 tunc
932 592 1051 636 annum
1068 591 1175 658 agens,
1192 544 1442 658 quodffiffiah,

203 652 311 738 ipsum
333 679 442 721 curam
465 659 610 746 augebat,
626 659 704 723 dum
727 658 824 723 effuse
846 659 990 744 sequitur
1014 658 1130 734 hostes,
1147 657 1180 722 in
1205 681 1279 745 par·
1287 687 1331 719 suo
1344 676 1393 720 sa-

205 752 269 828 tem
285 742 380 808 aliam
395 744 490 810 turba
505 745 629 811 ablatus
644 762 728 810 erat:
752 757 793 822 et,
810 746 909 810 serius
925 767 1024 832 quum
1047 746 1184 822 redisset,
1202 739 1367 812 tuncPi⁰¹¹²⁹

203 825 344 908 demum,
361 847 490 916 recepto
513 833 630 918 sospite
651 832 728 909 filio,
744 833 886 896 victoriae
905 845 1003 896 tantae
1024 833 1177 919 gaudium
1201 856 1278 898 con·

205 915 255 979 sul
269 917 376 982 sensit.
421 919 644 1005 Amphipolim
663 941 762 1006 quum
780 920 848 1004 jam
870 917 954 982 fama
977 940 1094 1002 pugnae
1116 922 1278 1004 pervenis·

203 1013 261 1080 aet,
278 1025 513 1092 concursusque
534 1020 752 1071 matronarum
776 1007 809 1069 iu
829 1004 984 1090 templum
1002 1003 1164 1084 ³⁷Dianae,
1181 1029 1277 1092 quarn

205 1087 417 1176 Tauropolon
439 1105 565 1172 vocant,
586 1093 627 1157 ad
649 1091 997 1178 opemexposcendam
1019 1091 1276 1168 fiereteDiodo·

204 1197 270 1252 rus,
290 1181 343 1263 qui
370 1193 507 1263 praeerat
532 1179 615 1256 urbi,
637 1195 789 1256 metuens,
813 1202 852 1242 ne
878 1177 1031 1258 Thraces,
1053 1201 1188 1264 quorum
1212 1179 1277 1244 duo

202 1261 304 1327 millia
319 1265 352 1327 iu
378 1265 527 1349 praesidio
553 1278 654 1343 erant,
672 1267 784 1330 urbem
810 1267 842 1329 in
868 1264 1008 1330 tumultu
1033 1263 1220 1350 diriperent,
1236 1267 1276 1330 ab

203 1349 379 1415 subornato
394 1353 435 1417 ab
450 1375 484 1416 se
505 1375 562 1436 per
576 1352 733 1417 fallaciam
750 1353 782 1415 in
799 1351 954 1416 tabellarii
970 1351 1105 1436 speciem
1121 1352 1227 1416 literas
1236 1353 1275 1440 ‘in
1309 1379 1311 1386 ·

203 1435 273 1501 foro
288 1438 394 1502 medio
409 1439 540 1523 accepit.
576 1440 736 1525 Scriptum
752 1440 785 1503 in
800 1440 838 1504 iis
853 1451 931 1517 erat,
947 1442 990 1501 ad
1003 1439 1184 1503 Emathium
1198 1442 1276 1504 clus-

201 1546 262 1588 sem
285 1525 458 1589 Romam
484 1529 644 1610 adpulsam
666 1549 737 1604 esse,
758 1548 908 1611 agrosque
932 1527 1016 1588 circa
1041 1528 1159 1590 uexari.
1186 1547 1278 1595 orare

196 1612 364 1696 praefictos
373 1614 539 1691 Emathia,
551 1624 586 1677 ut
595 1615 777 1696 presidium
792 1615 937 1677 adversius
946 1615 1148 1696 populatores
1162 1615 1276 1677 mittut.

206 1697 270 1761 His
285 1697 383 1777 lectis,
399 1697 547 1765 hortatur
563 1699 717 1779 Thracas,
732 1710 767 1764 ut
788 1701 833 1763 ud
857 1702 999 1764 tuendam
1014 1701 1176 1764 Emathia
1191 1721 1277 1762 oram

195 1785 444 1868 prrpiciscuutur.
467 1809 608 1871 maguam
623 1810 672 1852 eos
687 1788 795 1851 rudem
806 1788 1016 1871 praedamque,
1027 1788 1150 1868 palatis
1159 1789 1278 1869 passim

196 1891 259 1954 per
282 1895 374 1957 agros
388 1874 549 1950 Romanis,
558 1875 715 1958 fracturos.
761 1873 860 1937 Simul
881 1874 979 1936 eleuat
991 1873 1117 1956 fimum
1140 1875 1278 1938 aduersae

195 1979 335 2042 puguae:
358 1981 426 2044 quae
438 1963 467 2024 si
481 1961 658 2045 ueruJbret,
675 1961 770 2023 ulium
784 1981 876 2043 super
890 1961 988 2022 alium
1002 1969 1135 2025 recentes
1149 1983 1187 2044 ea
1193 1960 1278 2044 fuga

203 2055 347 2110 uenturos
355 2048 471 2131 fuisse.
517 2045 580 2110 Per
599 2045 682 2110 hanc
697 2068 838 2111 caussam
855 2044 1037 2110 Tboeoibus
1054 2045 1220 2133 ablegatis,
1237 2045 1278 2108 si·

203 2129 270 2194 mul
286 2143 498 2219 transgressos
512 2155 566 2196 eos
583 2134 786 2220 Strymonem
802 2132 890 2210 vidit,
908 2147 1017 2217 portas
1033 2132 1155 2198 clausit.

247 2218 350 2283 XLV.
374 2221 485 2284 Tertio
500 2219 551 2284 die
572 2219 716 2297 Perseus,
733 2241 827 2306 quarn
851 2232 1030 2307 pugnatum
1046 2230 1125 2295 erat,
1142 2222 1387 2306 Amphi-Perseus
1401 2253 1442 2286 ca-

203 2304 304 2388 polim
318 2307 414 2370 venit.
437 2305 512 2369 iude
526 2320 668 2370 oratores
689 2327 762 2371 cum
785 2307 925 2370 caduceo
948 2304 991 2369 ad
1007 2305 1155 2369 Paullum
1180 2310 1277 2372 misit.
1286 2306 1427 2381 deceptores

169 2411 172 2416 ·
205 2392 340 2456 Interim
366 2393 515 2478 Hippias,
532 2406 563 2456 et
586 2394 677 2469 Milo,
695 2406 726 2457 et
747 2393 962 2466 Pantauchus,
979 2391 1138 2476 principes
1160 2371 1404 2480 amico-ffgssmd

203 2499 276 2542 rum
291 2479 384 2567 regis,
403 2479 561 2555 Beroeam,
578 2502 642 2566 quo
658 2499 698 2543 cx
715 2480 781 2543 acie
796 2479 1015 2564 confugerant,
1031 2479 1091 2561 ipsi
1107 2479 1148 2543 ad
1163 2502 1278 2545 consu·
1336 2466 1343 2482 ’

202 2565 266 2629 lem
288 2565 432 2651 profecti,
451 2567 605 2631 Romanis
620 2565 758 2630 dedunt:
781 2565 879 2628 ³⁸hoc
893 2565 977 2629 idern
994 2581 1025 2628 et
1043 2565 1114 2628 aliae
1130 2567 1277 2652 deinceps

202 2666 291 2717 metu
313 2654 467 2737 perculsae
494 2653 649 2736 parabant
671 2652 783 2717 iacere.
831 2651 963 2726 Consul,
985 2653 1109 2716 nunciis
1136 2653 1278 2718 victoriae

205 2738 248 2814 Q.
266 2738 367 2804 Fabio
389 2739 456 2804 filio
476 2754 508 2804 et
524 2740 563 2806 L.
581 2739 720 2804 Lentulo
736 2754 767 2804 et
788 2741 829 2808 Q.
848 2739 982 2803 Metello
1000 2761 1073 2802 cum
1096 2738 1194 2803 literis
1211 2740 1278 2804 Ro—

203 2847 289 2889 mam
319 2827 431 2904 missis,
461 2827 563 2913 spolia
591 2827 726 2912 jacentis
756 2826 894 2890 hostium
927 2826 1083 2890 exercitus
1117 2826 1278 2910 peditibus

204 2913 378 2988 concessit3
401 2915 559 3001 equitibus
584 2914 727 2999 praedam
749 2915 940 2999 circumjecti
958 2914 1036 2998 agri,
1054 2913 1131 2977 dum
1156 2937 1196 2977 ne
1211 2937 1278 2978 am-

203 3000 287 3084 plius
299 2999 422 3064 duabus
438 3001 584 3064 noctibus
600 3025 619 3064 a
634 3001 743 3064 castris
758 3001 912 3064 abessent.
952 2999 1025 3083 lpse
1039 3001 1172 3085 propius
1191 3023 1278 3066 mare

204 3085 246 3150 ad
264 3086 405 3172 Pydnam
422 3103 524 3150 castra
546 3088 653 3152 movit.
701 3085 820 3150 Beroea
841 3089 991 3171 primurn,
1008 3085 1125 3149 deinde
1141 3086 1277 3152 Thessa-

203 3171 318 3250 lonica,
335 3186 367 3238 et
391 3173 491 3254 Pella,
506 3186 537 3238 ct
559 3172 709 3256 deinceps
731 3174 834 3236 omnis
858 3171 956 3234 ferme
973 3171 1168 3236 Macedonia
1193 3174 1420 3238 intra'roraMn·

203 3258 337 3324 biduum
358 3260 474 3324 dedita.
522 3260 664 3346 Pydnaei,
681 3259 736 3345 qui
762 3258 906 3343 proximi
928 3271 1027 3335 erant,
1045 3259 1188 3324 nondum
1217 3262 1275 3324 mi·
1286 3257 1386 3332 ⁰5⁶⁰¹¹¹⁵
1394 3259 1435 3304 oe-

203 3359 310 3410 serant
325 3345 465 3430 legatos:
490 3347 664 3412 multitudo
679 3344 842 3408 incondita
857 3343 995 3428 plurium
1012 3345 1104 3408 simul
1120 3349 1275 3432 gentium,
1286 3320 1344 3367 ‘¹¹⁸³'

202 3432 370 3519 turbaque,
387 3456 460 3520 quae
475 3455 515 3496 ex
531 3435 597 3497 acie
613 3432 688 3520 fuga
710 3431 743 3494 in
767 3452 866 3494 unum
886 3430 1051 3514 compulsa
1073 3445 1153 3509 erat,
1169 3435 1275 3498 consi-

202 3519 282 3583 lium
305 3533 338 3585 et
363 3542 550 3585 consensum
573 3519 708 3585 civitatis
731 3516 932 3602 inpediebat:
957 3539 1015 3580 nec
1040 3517 1155 3580 clausae
1178 3519 1277 3583 modo

203 3621 317 3691 portae,
341 3607 396 3672 sed
419 3608 513 3672 etiam
536 3605 739 3671 inaedificatae
765 3618 866 3670 erant.
912 3603 1004 3667 Missi
1029 3603 1113 3666 Milo
1137 3616 1168 3667 et
1193 3604 1277 3668 Pan-

203 3693 340 3758 tauchus
362 3694 422 3759 sub
445 3716 553 3759 muros
576 3695 616 3759 ad
638 3693 843 3779 conloquium
862 3689 997 3768 Solonis,
1013 3688 1104 3774 ³⁹qui
1126 3691 1278 3774 praesidio

203 3793 301 3846 crat:-
314 3802 370 3866 per
392 3804 465 3846 eum
489 3781 644 3846 emittitur
667 3780 812 3844 militaris
834 3778 937 3844 turba.
961 3776 1117 3862 oppidum
1132 3775 1277 3841 deditum

236 4023 270 4072 37
285 4025 373 4072 Diaaoe
389 4039 458 4088 quam
473 4027 616 4087 Tauropolon
629 4027 723 4089 norant]
754 4021 877 4089 perculsa]
894 4026 941 4072 Vel
959 4024 1081 4071 intercidit
1093 4037 1141 4071 vox
1156 4023 1276 4076 unitates,-

202 4089 291 4136 Dianae
302 4091 348 4138 hoc
359 4104 495 4152 cognomen
508 4093 619 4139 additum
631 4092 724 4148 volunt,
756 4093 795 4138 vel
817 4092 948 4150 legendum
971 4095 1008 4136 est
1029 4089 1072 4134 atat
1092 4089 1196 4148 &turpe
1215 4091 1278 4134 metu

203 4154 242 4200 vel
256 4157 323 4216 quod
340 4159 405 4217 apud
417 4157 511 4204 Tauros
528 4155 634 4216 Scythia
649 4168 725 4216 popu·
754 4155 864 4218 percari.
892 4156 1064 4202 Gnouovrua.
1159 4213 1161 4220 Ι

202 4217 257 4264 lum
267 4220 371 4276 colatur,
383 4222 422 4268 vel
433 4223 498 4282 quod
509 4221 623 4283 gregibus
633 4222 725 4280 praeit,
791 4219 823 4268 39
842 4219 893 4276 Qut
905 4217 1020 4280 proeridr'o
1035 4219 1098 4282 erut]
1127 4217 1209 4278 Magis
1227 4218 1279 4277 pla·

203 4281 243 4329 vel
259 4287 325 4344 quod
343 4287 427 4332 eadem
445 4288 477 4333 sit
493 4301 551 4334 cum
570 4287 638 4344 luna,
651 4299 726 4346 quam
758 4291 823 4332 seret
847 4288 959 4346 praerat,
981 4285 1047 4343 quod
1073 4288 1158 4334 monet
1186 4284 1280 4330 Grono-

203 4349 280 4394 tauris
291 4351 348 4400 vehi
359 4351 455 4412 lingunt
465 4356 553 4412 poetae.
759 4351 821 4398 vius.
1299 4367 1301 4372 ·

236 4412 269 4461 38
285 4413 338 4462 Hoc
357 4414 420 4463 idem
435 4419 457 4464 et
474 4417 526 4464 utta
544 4416 647 4478 ddacepr
664 4419 726 4464 metu

803 4489 866 4544 MS
