3042 4980
487 233 831 351 onffirnrro.
1119 242 1215 318 rxvu

18 527 19 556 ,
111 465 217 545 opere
235 441 447 543 principem
463 465 541 517 nou
557 449 662 517 tenet
685 441 833 518 locum:
860 449 965 521 totus
991 465 1040 516 ex
1058 452 1213 524 auctore

18 637 19 640 ,
110 585 173 636 suo
191 560 386 658 pendete
403 559 759 656 quonunquamad
777 585 817 635 se
834 555 1212 634 debetavooarelec·
1273 629 1279 660 ,

18 765 19 768 Ἴ
110 684 236 751 torem.
290 672 490 771 Quidquid
516 695 594 748 non
622 673 715 748 facit
748 675 797 748 ad
832 673 1054 772 scriptorem
1087 693 1215 763 emen,

18 777 19 780 ¹
110 791 276 866 dandum
296 787 649 888 illustmudumque,
668 788 709 865 id
727 790 775 865 ab
794 789 919 866 officio
936 789 1213 888 interpretis'ac

18 987 19 990 ,
109 928 259 982 munere
301 903 466 982 alienum
507 916 576 980 est.
638 904 776 1004 Captet
817 905 930 1004 igitur
972 898 1213 985 brevitatem:

18 1043 19 1048 ’
109 1047 220 1120 quam
246 1029 376 1096 tamen
402 1019 441 1095 in
466 1043 513 1096 eo
538 1019 706 1120 positam
732 1046 815 1096 esse
839 1021 1036 1120 intelligat,
1064 1044 1143 1095 non
1169 1029 1214 1095 ut

18 1205 19 1208 ,
109 1160 219 1236 quam
243 1135 488 1236 paucissima,
507 1135 576 1210 sed
594 1161 644 1212 ne
660 1161 896 1234 supervacua
913 1136 1098 1226 dicantur,
1119 1136 1211 1210 rite-

18 1251 19 1258 ’
108 1263 238 1352 turque
255 1251 396 1350 pariter
412 1252 470 1327 rel
487 1251 656 1343 nimium,
674 1253 734 1328 vel
751 1278 895 1353 pamm.
940 1253 1095 1330 Frustra
1111 1253 1212 1328 enim

18 1365 19 1373 '
109 1367 324 1442 brevitatem
352 1367 566 1462 jactaverit,
602 1368 667 1467 qui
707 1368 923 1444 necessaria
962 1367 1211 1469 praetermisit.

109 1483 251 1560 Contra
276 1482 342 1582 qui
360 1485 667 1561 emendationem
686 1485 863 1585 aliquam,
881 1486 957 1561 loci
974 1483 1138 1561 difficilis
1156 1485 1212 1560 in·
1323 1523 1331 1534 ·

18 1683 20 1700 .
108 1599 427 1698 terpretationem,
446 1595 586 1698 legum,
610 1600 865 1677 institutorum
890 1602 1210 1699 explanationem,

107 1717 345 1814 argumentis,
381 1717 565 1817 exemplis
598 1719 809 1809 firmaverit,
845 1720 878 1794 is
916 1745 997 1796 nou
1038 1710 1212 1820 prolixus

18 1917 19 1930 p
107 1832 314 1922 habebitur,
341 1835 408 1910 sed
435 1845 636 1912 accuratus
663 1847 703 1910 et
729 1835 911 1932 diligens3
936 1835 1003 1934 qui
1028 1835 1212 1911 lectorem

105 1949 244 2025 docere
261 1948 403 2048 cupiat,
419 1973 499 2025 non
516 1951 706 2042 frustrari3
731 1953 796 2049 qui
814 1951 919 2026 credi
937 1951 1009 2026 sibi
1026 1975 1105 2027 nou
1122 1975 1212 2050 pos-

18 2087 20 2170 ᾗ
105 2064 210 2154 tulct,
230 2064 301 2139 sed
320 2065 424 2139 relut
440 2089 569 2140 coram
590 2065 722 2162 judice
748 2067 933 2142 arbitrove
951 2067 1150 2165 disceptet,
1169 2081 1213 2143 ut

18 2231 19 2240 Β
104 2181 227 2257 allatis
243 2179 433 2256 rationum
450 2180 653 2258 momentis
672 2191 711 2256 et
724 2206 842 2257 causa
858 2182 1012 2280 cognita
1025 2183 1214 2258 sententia

103 2300 258 2376 feratur.

151 2415 230 2489 Sed
247 2438 386 2512 magna
399 2411 461 2488 hro
475 2411 696 2487 adhrbenda
708 2411 834 2488 cantro
845 2422 916 2500 est
932 2437 994 2501 ne,
1009 2412 1101 2487 dum
1114 2412 1313 2488 futilivreatt
1314 2440 1376 2486 nsua

100 2531 346 2628 indulgemus
373 2529 608 2630 loquacitati,
627 2538 693 2605 aut
717 2529 870 2604 inanem
887 2528 1112 2605 emditionis
1130 2530 1211 2629 glo·
1221 2503 1292 2644 ἷήωζὲ,
1284 2505 1378 2614 mai*

98 2649 236 2726 riolam
267 2669 513 2744 aucupamur,
545 2645 697 2721 inutiles
731 2647 963 2746 easdemque
992 2633 1297 2724 ῗΒΒῑίἀίοΒΒΒΜ

99 2773 301 2840 nectamus
318 2785 464 2837 moras:
492 2786 569 2860 qua
592 2762 759 2861 culpa
725 2787 789 2837 vix
814 2763 892 2837 ulla
917 2763 1041 2858 major
1057 2762 1096 2837 in
1112 2763 1211 2858 ejus·
1308 2835 1309 2842 ,
1376 2773 1379 2780 ’

74 2877 205 2954 imodi
238 2899 354 2976 opere
379 2875 537 2951 admitti.
555 2887 693 2975 potest.
748 2876 890 2962 Procul
916 2902 1005 2976 ergo
1033 2878 1212 2954 verbosas

98 2991 446 3093 argumentationes
480 3005 517 3067 et
546 2983 792 3070 ambitiosam
826 2992 1010 3068 doctrina
1046 3003 1212 3070 ostenta-

97 3111 245 3188 tionem
270 3109 491 3208 relegemus,
519 3134 741 3208 semperque
774 3107 941 3183 auctoris
974 3109 1097 3186 nostri
1127 3135 1210 3208 pre-

98 3251 248 3303 mamus
270 3223 446 3322 ·vestigia
464 3233 503 3300 et
527 3225 575 3300 ab
601 3225 647 3300 iis
674 3226 879 3300 abscedere
896 3227 1004 3300 nefas
1031 3253 1114 3303 esse
1141 3228 1209 3302 du·

94 3369 246 3420 carnus
357 3393 360 3400 «

147 3460 257 3538 Hinc
276 3458 563 3556 temperandum
581 3481 736 3555 quoque
755 3457 825 3532 erit
838 3483 861 3532 a
876 3457 1093 3533 refellendis
1110 3458 1274 3556 prio-ruo

95 3597 181 3650 rum
197 3576 444 3704 interpretum
464 3573 666 3661 erroribus,
685 3573 758 3648 nisi
783 3574 990 3672 periculum
1007 3574 1119 3650 sitne
1145 3583 1299 3658 auterrore

96 3715 241 3824 magpa
258 3685 459 3764 errantium
478 3688 694 3780 auctoritas,
709 3701 775 3764 aut
792 3690 943 3766 fallacia
961 3690 1126 3789 quidem,
1141 3692 1271 3765 sedre
1220 3627 1273 3724 Μ

96 3809 279 3904 speciosa
295 3814 425 3880 tamen
443 3830 464 3879 e
466 3805 711 3903 tplausibilia
728 3816 961 3904 argumenta,
978 3807 1106 3900 multis
1124 3831 1212 3905 pos-

98 3921 178 3998 sint
208 3924 420 4026 imponere.
484 3919 669 4020 Alioquin
695 3922 742 3996 ab
776 3923 834 3996 bis
866 3922 1212 3998 concertationibus
1291 4006 1296 4012 ,

98 4039 256 4114 omnino
301 4062 386 4112 esse
428 4035 696 4112 abstinendum
731 4037 887 4112 videtur.
953 4037 1038 4112 Has
1072 4039 1213 4139 quippe

99 4152 256 4231 minime
288 4152 483 4228 desiderat
515 4152 655 4227 utilitas
689 4154 1019 4254 commoditasque
1048 4155 1213 4246 lectoria,

98 4291 216 4366 quam
243 4271 365 4349 solam
384 4267 532 4345 intueri
544 4271 659 4345 debet
683 4268 877 4369 interpres,
931 4270 1032 4359 Quid
1059 4273 1215 4371 prodest

649 4394 714 4461 ab

1220 3495 1362 3608 terpumm

1321 3625 1376 3658 raro

1273 3679 1322 3723 llat
