3056 4976
531 202 817 265 AUCTORUM.
1140 227 1218 270 cxxv

127 374 235 440 Cesar
253 373 375 458 ingenti
394 381 552 456 apparatu
561 372 656 460 ficit,
672 395 745 458 quos
765 373 926 439 centesimo
947 395 1064 460 quoque
1084 395 1165 442 orum
1179 378 1223 463 (ie

84 511 86 514 .
124 460 202 524 enim
216 459 358 524 tamtus
371 459 475 541 seculi)
482 459 557 542 fieri
570 481 641 524 mos.

215 553 218 560 '
289 597 292 603 .
340 610 343 620 ,
486 545 636 611 Eusebius
650 547 684 611 in
702 546 866 612 Chronico..
1002 575 1004 582 ·
1120 591 1124 600 ι

167 631 218 696 Ea
232 629 306 718 quse
318 629 358 696 dc
371 629 521 707 Catilina,
534 631 689 717 Cethego,
704 631 852 710 Lentulo,
865 642 897 697 et
912 631 1040 698 consule
1052 633 1219 713 Cicerone,

126 717 294 783 Sallustius
308 717 417 782 scribit
430 729 463 782 et
478 716 598 798 Livius,
613 716 675 782 hoc
689 729 777 806 gesta
791 730 866 784 suut
880 730 1033 804 tempore.

622 806 717 870 Idem.
861 809 865 818 “

170 887 310 954 Messala
333 888 491 956 Corvinus
512 902 621 956 orator
640 890 790 969 nascitur,
806 903 838 956 et
857 889 899 955 T.
915 890 1026 956 Livius
1049 891 1220 960 Patruinus

124 975 264 1062 scriptor
279 975 458 1042 historicus.
644 1039 646 1043 ,
1050 1007 1053 1018 ’

168 1148 282 1214 Livius
298 1147 481 1214 Historicus
496 1147 618 1214 Patavii
632 1149 778 1215 moritur.

314 1235 360 1300 D.
370 1235 582 1322 Hieronymus
596 1238 629 1300 in
644 1234 1034 1302 ProoemioinDonielem.
1198 1288 1199 1291 ,

170 1321 222 1388 Ad
235 1319 456 1409 intelligendas
465 1336 622 1388 extremes
633 1340 739 1409 partes
749 1319 905 1399 Danielis,
914 1320 1082 1422 multiplex
1090 1321 1222 1390 historia

125 1407 320 1474 Graecorum
330 1409 504 1474 necessaris
519 1421 583 1474 est.
594 1453 603 1472 .
614 1455 621 1472 .
631 1408 853 1509 praecipueque
864 1408 964 1472 nostri
976 1408 1071 1486 Livii,
1083 1422 1115 1475 et
1127 1411 1222 1475 Pom·

122 1495 188 1580 peii
201 1493 315 1582 Trogi,
328 1507 420 1581 atque
430 1493 452 1564 J
455 1496 565 1572 ustini;
589 1516 645 1580 qur
655 1510 781 1559 omnem
791 1506 942 1560 extremes
953 1495 1080 1560 visionis
1090 1511 1223 1564 namant

13 1622 14 1634 κ
123 1583 303 1660 historiam,
319 1593 436 1667 etpost
452 1581 671 1647 Alexandrum
687 1604 785 1668 usque
799 1583 838 1646 ad
855 1581 1011 1646 Caesarem
1028 1584 1221 1672 Augustum,

124 1669 231 1756 Syriae
241 1679 275 1732 et
285 1667 430 1753 AEgypti,
443 1667 477 1733 id
487 1680 543 1747 est,
557 1668 691 1748 Seleuci,
701 1681 733 1732 et
746 1667 907 1745 Antiochi,
915 1681 948 1732 et
964 1667 1221 1751 Ptolemaeorum,

123 1753 210 1820 bella
224 1754 421 1821 describunt.

335 1842 421 1905 Idem
437 1842 582 1924 Epistola
596 1843 641 1905 ad
655 1839 844 1917 Pastinum,
861 1851 934 1904 torn.
950 1841 1018 1905 ΠΙ.

170 1926 226 1992 Ad
242 1927 354 1992 Titum
378 1927 516 2004 Livium,
530 1927 635 1992 lacteo
656 1926 845 2014 eloquentius
865 1925 953 1992 ionte
973 1940 1167 2009 manantem,
1184 1931 1223 1996 de

124 2014 248 2080 ultimis
264 2013 433 2098 Hispanias
446 2013 686 2101 Galliarumque
699 2013 817 2078 finibus
831 2013 984 2101 quosdam
997 2015 1117 2079 venisse
1131 2017 1223 2083 nobi·

123 2101 170 2166 les
185 2101 341 2190 legimus:
363 2113 395 2164 et
409 2123 488 2187 quos
499 2100 539 2167 ud
552 2099 852 2185 contemplationem
863 2103 910 2165 sui
924 2099 1030 2166 Roma
1039 2121 1104 2167 nou
1116 2113 1222 2170 traxe·

125 2201 187 2266 rat,
203 2188 299 2254 unius
313 2186 450 2252 hominis
461 2187 544 2253 samu
554 2186 714 2273 perduxit.
749 2185 875 2254 Habuit
885 2186 941 2251 illa
951 2199 1028 2252 oetas
1041 2188 1221 2255 inauditum
1286 2203 1287 2210 ’

122 2275 274 2340 omuibus
288 2271 400 2340 seculis
413 2273 701 2360 celebrandumque
715 2273 913 2352 miraculum,
926 2286 962 2338 ut
975 2283 1096 2339 tantam
1109 2278 1222 2345 urbem

125 2360 274 2451 ingressi,
290 2359 378 2428 aliud
391 2373 481 2426 extra
496 2361 607 2427 urbem
618 2372 810 2448 quaererent.

344 2448 486 2515 Sidonius
499 2449 692 2534 Apollinaris
707 2449 830 2534 Poaeg.
846 2445 1008 2512 Anthemii.

458 2534 567 2600 -uel
582 2532 737 2623 quidquid
753 2533 787 2597 iu
801 2554 904 2598 aevum

215 2621 357 2688 Mittunt
371 2621 531 2711 Euganeis
547 2621 698 2687 Patavina
711 2619 873 2686 volumina
887 2617 1013 2686 chartis.

576 2709 780 2782 Cassiodorus.

167 2795 213 2862 C.
231 2795 341 2862 Coesar
356 2794 415 2860 v1.
430 2807 462 2860 et
477 2796 525 2860 M.
540 2795 684 2882 Agrippa
699 2793 765 2860 Ill.
1240 2837 1243 2844 ,

172 2885 237 2950 His
250 2881 433 2950 consulibus
450 2882 559 2948 Caessr
572 2881 659 2970 leges
672 2879 815 2968 protulit,
824 2877 947 2966 judices
961 2879 1131 2963 ordinavit,
1146 2905 1222 2970 pro·

133 2969 247 3037 vincias
262 2969 431 3056 disposuit,
446 2981 479 3034 ct
499 2968 572 3034 ideo
594 2970 759 3053 Augustus
779 2966 1022 3070 cognominatus
1043 2981 1107 3036 cst:
1129 2973 1221 3060 cujus

133 3059 327 3145 temporibus
340 3057 517 3124 floruerunt
531 3053 692 3144 Virgilius,
710 3055 877 3133 Horetum,
893 3067 926 3121 et
941 3053 1061 3121 Livius.
