<?xml version="1.0" encoding="UTF-8"?>
<!DOCTYPE html PUBLIC "-//W3C//DTD XHTML 1.0 Transitional//EN"
    "http://www.w3.org/TR/xhtml1/DTD/xhtml1-transitional.dtd">
<html xmlns="http://www.w3.org/1999/xhtml" xml:lang="en" lang="en">
 <head>
  <title>
</title>
<meta http-equiv="Content-Type" content="text/html;charset=utf-8" />
  <meta name='ocr-system' content='tesseract 3.04.00' />
  <meta name='ocr-capabilities' content='ocr_page ocr_carea ocr_par ocr_line ocrx_word'/>
</head>
<body>
  <div class='ocr_page' id='page_1' title='image "./tliviipatavinih03crevgoog_0284.png"; bbox 0 0 3120 4984; ppageno 0'>
   <div class='ocr_carea' id='block_1_1' title="bbox 437 193 1210 276">
    <p class='ocr_par' dir='ltr' id='par_1_1' title="bbox 437 193 1210 276">
     <span class='ocr_line' id='line_1_1' title="bbox 437 193 1210 276; baseline 0.01 -8"><span class='ocrx_word' id='word_1_1' title='bbox 437 203 666 270; x_wconf 66' lang='lat' dir='ltr'><strong>uranus</strong></span> <span class='ocrx_word' id='word_1_2' title='bbox 697 193 800 272; x_wconf 74' lang='lat' dir='ltr'><strong>cnr.</strong></span> <span class='ocrx_word' id='word_1_3' title='bbox 825 211 916 272; x_wconf 86' lang='lat' dir='ltr'><strong>xm.</strong></span> <span class='ocrx_word' id='word_1_4' title='bbox 1153 203 1210 276; x_wconf 71' lang='lat' dir='ltr'><strong>rte·</strong></span> 
     </span>
    </p>
   </div>
   <div class='ocr_carea' id='block_1_2' title="bbox 20 359 1351 3848">
    <p class='ocr_par' dir='ltr' id='par_1_2' title="bbox 139 359 1351 464">
     <span class='ocr_line' id='line_1_2' title="bbox 139 359 1351 464; baseline 0.015 -35"><span class='ocrx_word' id='word_1_5' title='bbox 139 364 244 432; x_wconf 88' lang='lat' dir='ltr'><strong>valida</strong></span> <span class='ocrx_word' id='word_1_6' title='bbox 257 361 390 436; x_wconf 74' lang='lat' dir='ltr'><strong>delbndi</strong></span> <span class='ocrx_word' id='word_1_7' title='bbox 404 391 502 441; x_wconf 84' lang='lat' dir='ltr'><strong>manu</strong></span> <span class='ocrx_word' id='word_1_8' title='bbox 517 373 820 454; x_wconf 79' lang='lat' dir='ltr'><strong>animadverterunt,</strong></span> <span class='ocrx_word' id='word_1_9' title='bbox 836 359 929 441; x_wconf 88' lang='lat' dir='ltr'><strong>irrito</strong></span> <span class='ocrx_word' id='word_1_10' title='bbox 944 375 1071 464; x_wconf 88' lang='lat' dir='ltr'><strong>incepto</strong></span> <span class='ocrx_word' id='word_1_11' title='bbox 1086 375 1205 446; x_wconf 89' lang='lat' dir='ltr'><strong>Deme-</strong></span> <span class='ocrx_word' id='word_1_12' title='bbox 1213 404 1244 454; x_wconf 86' lang='lat' dir='ltr'><strong>u.</strong></span> <span class='ocrx_word' id='word_1_13' title='bbox 1258 407 1286 455; x_wconf 85' lang='lat' dir='ltr'><strong>c.</strong></span> <span class='ocrx_word' id='word_1_14' title='bbox 1295 405 1351 454; x_wconf 72' lang='lat' dir='ltr'><strong>aaa</strong></span> 
     </span>
    </p>

    <p class='ocr_par' dir='ltr' id='par_1_3' title="bbox 140 453 1350 550">
     <span class='ocr_line' id='line_1_3' title="bbox 140 453 1350 550; baseline 0.012 -32"><span class='ocrx_word' id='word_1_15' title='bbox 140 453 275 520; x_wconf 81' lang='lat' dir='ltr'><strong>triadem</strong></span> <span class='ocrx_word' id='word_1_16' title='bbox 297 469 422 542; x_wconf 86' lang='lat' dir='ltr'><strong>petunt.</strong></span> <span class='ocrx_word' id='word_1_17' title='bbox 467 459 519 525; x_wconf 94' lang='lat' dir='ltr'><strong>Ibi</strong></span> <span class='ocrx_word' id='word_1_18' title='bbox 534 483 633 549; x_wconf 93' lang='lat' dir='ltr'><strong>quum</strong></span> <span class='ocrx_word' id='word_1_19' title='bbox 647 463 937 550; x_wconf 77' lang='lat' dir='ltr'><strong>adpropinquantes</strong></span> <span class='ocrx_word' id='word_1_20' title='bbox 950 464 1243 550; x_wconf 55' lang='lat' dir='ltr'><strong>repleta&#39;moeniass</strong></span> <span class='ocrx_word' id='word_1_21' title='bbox 1256 472 1282 519; x_wconf 81' lang='lat' dir='ltr'><strong>C·</strong></span> <span class='ocrx_word' id='word_1_22' title='bbox 1296 469 1350 518; x_wconf 79' lang='lat'><strong>169.</strong></span> 
     </span>
    </p>

    <p class='ocr_par' dir='ltr' id='par_1_4' title="bbox 139 543 1205 636">
     <span class='ocr_line' id='line_1_4' title="bbox 139 543 1205 636; baseline 0.015 -33"><span class='ocrx_word' id='word_1_23' title='bbox 139 543 270 608; x_wconf 87' lang='lat' dir='ltr'><strong>armatis</strong></span> <span class='ocrx_word' id='word_1_24' title='bbox 284 543 444 624; x_wconf 86' lang='lat' dir='ltr'><strong>vidissent,</strong></span> <span class='ocrx_word' id='word_1_25' title='bbox 457 549 658 632; x_wconf 76' lang='lat' dir='ltr'>praetervecti</span> <span class='ocrx_word' id='word_1_26' title='bbox 673 550 712 613; x_wconf 91' lang='lat' dir='ltr'><strong>ad</strong></span> <span class='ocrx_word' id='word_1_27' title='bbox 726 548 836 614; x_wconf 81' lang='lat' dir='ltr'><strong>Iiilcon</strong></span> <span class='ocrx_word' id='word_1_28' title='bbox 849 549 981 614; x_wconf 86' lang='lat' dir='ltr'><strong>classem</strong></span> <span class='ocrx_word' id='word_1_29' title='bbox 995 549 1205 636; x_wconf 87' lang='lat' dir='ltr'><strong>adpulerunt;</strong></span> 
     </span>
    </p>

    <p class='ocr_par' dir='ltr' id='par_1_5' title="bbox 136 627 1240 808">
     <span class='ocr_line' id='line_1_5' title="bbox 136 627 1240 724; baseline 0.012 -34"><span class='ocrx_word' id='word_1_30' title='bbox 136 627 222 706; x_wconf 90' lang='lat' dir='ltr'><strong>inde,</strong></span> <span class='ocrx_word' id='word_1_31' title='bbox 238 653 257 694; x_wconf 92' lang='lat' dir='ltr'><strong>a</strong></span> <span class='ocrx_word' id='word_1_32' title='bbox 281 651 317 694; x_wconf 91' lang='lat' dir='ltr'><strong>ro</strong></span> <span class='ocrx_word' id='word_1_33' title='bbox 333 645 465 713; x_wconf 85' lang='lat' dir='ltr'><strong>vastato,</strong></span> <span class='ocrx_word' id='word_1_34' title='bbox 480 635 719 700; x_wconf 81' lang='lat' dir='ltr'><strong>Demetriadem</strong></span> <span class='ocrx_word' id='word_1_35' title='bbox 735 655 861 722; x_wconf 91' lang='lat' dir='ltr'><strong>quoque</strong></span> <span class='ocrx_word' id='word_1_36' title='bbox 876 637 1065 724; x_wconf 84' lang='lat' dir='ltr'><strong>adgressuri.</strong></span> <span class='ocrx_word' id='word_1_37' title='bbox 1134 655 1138 658; x_wconf 87' lang='grc'><strong><em>·</em></strong></span> <span class='ocrx_word' id='word_1_38' title='bbox 1238 637 1240 643; x_wconf 79' lang='grc'><strong>’</strong></span> 
     </span>
     <span class='ocr_line' id='line_1_6' title="bbox 179 650 1203 808; baseline 0.012 -29"><span class='ocrx_word' id='word_1_39' title='bbox 179 650 281 782; x_wconf 79' lang='lat' dir='ltr'><strong>xlll.</strong></span> <span class='ocrx_word' id='word_1_40' title='bbox 306 718 396 784; x_wconf 90' lang='lat' dir='ltr'><strong>Inter</strong></span> <span class='ocrx_word' id='word_1_41' title='bbox 419 719 488 786; x_wconf 88' lang='lat' dir='ltr'><strong>baec</strong></span> <span class='ocrx_word' id='word_1_42' title='bbox 510 734 542 786; x_wconf 89' lang='lat' dir='ltr'><strong>et</strong></span> <span class='ocrx_word' id='word_1_43' title='bbox 562 721 680 799; x_wconf 89' lang='lat' dir='ltr'><strong>consul,</strong></span> <span class='ocrx_word' id='word_1_44' title='bbox 697 743 739 786; x_wconf 90' lang='lat' dir='ltr'><strong>ne</strong></span> <span class='ocrx_word' id='word_1_45' title='bbox 759 724 863 808; x_wconf 88' lang='lat' dir='ltr'><strong>segnis</strong></span> <span class='ocrx_word' id='word_1_46' title='bbox 887 727 1008 787; x_wconf 89' lang='lat' dir='ltr'><strong>sederet</strong></span> <span class='ocrx_word' id='word_1_47' title='bbox 1029 737 1154 790; x_wconf 87' lang='lat' dir='ltr'><strong>tantum</strong></span> <span class='ocrx_word' id='word_1_48' title='bbox 1172 726 1203 790; x_wconf 94' lang='lat' dir='ltr'><strong>in</strong></span> 
     </span>
    </p>

    <p class='ocr_par' dir='ltr' id='par_1_6' title="bbox 135 802 1205 894">
     <span class='ocr_line' id='line_1_7' title="bbox 135 802 1205 894; baseline 0.014 -31"><span class='ocrx_word' id='word_1_49' title='bbox 135 821 216 888; x_wconf 88' lang='lat' dir='ltr'><strong>agro</strong></span> <span class='ocrx_word' id='word_1_50' title='bbox 240 802 372 882; x_wconf 89' lang='lat' dir='ltr'><strong>hostico,</strong></span> <span class='ocrx_word' id='word_1_51' title='bbox 395 805 446 874; x_wconf 88' lang='grc' dir='ltr'><strong>Μ.</strong></span> <span class='ocrx_word' id='word_1_52' title='bbox 460 809 631 894; x_wconf 86' lang='lat' dir='ltr'><strong>Popillium</strong></span> <span class='ocrx_word' id='word_1_53' title='bbox 653 830 726 874; x_wconf 91' lang='lat' dir='ltr'><strong>cum</strong></span> <span class='ocrx_word' id='word_1_54' title='bbox 746 811 886 894; x_wconf 90' lang='lat' dir='ltr'><strong>quinque</strong></span> <span class='ocrx_word' id='word_1_55' title='bbox 908 808 1046 874; x_wconf 90' lang='lat' dir='ltr'><strong>millibus</strong></span> <span class='ocrx_word' id='word_1_56' title='bbox 1069 812 1205 878; x_wconf 91' lang='lat' dir='ltr'><strong>militum</strong></span> 
     </span>
    </p>

    <p class='ocr_par' dir='ltr' id='par_1_7' title="bbox 135 887 1206 984">
     <span class='ocr_line' id='line_1_8' title="bbox 135 887 1206 984; baseline 0.012 -33"><span class='ocrx_word' id='word_1_57' title='bbox 135 889 177 951; x_wconf 89' lang='lat' dir='ltr'><strong>ad</strong></span> <span class='ocrx_word' id='word_1_58' title='bbox 194 887 383 956; x_wconf 85' lang='lat' dir='ltr'><strong>Meliboeam</strong></span> <span class='ocrx_word' id='word_1_59' title='bbox 406 892 519 959; x_wconf 90' lang='lat' dir='ltr'><strong>urbem</strong></span> <span class='ocrx_word' id='word_1_60' title='bbox 541 895 788 984; x_wconf 84' lang='lat' dir='ltr'><strong>obpugnandam</strong></span> <span class='ocrx_word' id='word_1_61' title='bbox 812 894 918 960; x_wconf 90' lang='lat' dir='ltr'><strong>mittit.</strong></span> <span class='ocrx_word' id='word_1_62' title='bbox 964 896 1034 961; x_wconf 88' lang='lat' dir='ltr'><strong>Sita</strong></span> <span class='ocrx_word' id='word_1_63' title='bbox 1047 910 1094 963; x_wconf 80' lang='lat' dir='ltr'><strong>est</strong></span> <span class='ocrx_word' id='word_1_64' title='bbox 1108 899 1141 964; x_wconf 94' lang='lat' dir='ltr'><strong>in</strong></span> <span class='ocrx_word' id='word_1_65' title='bbox 1153 921 1206 964; x_wconf 89' lang='lat' dir='ltr'><strong>ra-</strong></span> 
     </span>
    </p>

    <p class='ocr_par' dir='ltr' id='par_1_8' title="bbox 132 974 1206 1073">
     <span class='ocr_line' id='line_1_9' title="bbox 132 974 1206 1073; baseline 0.011 -35"><span class='ocrx_word' id='word_1_66' title='bbox 132 974 261 1041; x_wconf 87' lang='lat' dir='ltr'><strong>dicibus</strong></span> <span class='ocrx_word' id='word_1_67' title='bbox 277 981 368 1044; x_wconf 84' lang='lat' dir='ltr'><strong>Ossoe</strong></span> <span class='ocrx_word' id='word_1_68' title='bbox 389 982 516 1062; x_wconf 88' lang='lat' dir='ltr'><strong>montis,</strong></span> <span class='ocrx_word' id='word_1_69' title='bbox 539 1005 602 1068; x_wconf 90' lang='lat' dir='ltr'><strong>qua</strong></span> <span class='ocrx_word' id='word_1_70' title='bbox 624 982 769 1066; x_wconf 87' lang='lat' dir='ltr'><strong>partein</strong></span> <span class='ocrx_word' id='word_1_71' title='bbox 793 980 989 1046; x_wconf 84' lang='lat' dir='ltr'><strong>Thessaliam</strong></span> <span class='ocrx_word' id='word_1_72' title='bbox 1011 985 1125 1068; x_wconf 80' lang='lat' dir='ltr'><strong>vergit,</strong></span> <span class='ocrx_word' id='word_1_73' title='bbox 1148 1009 1206 1073; x_wconf 91' lang='lat' dir='ltr'><strong>op-</strong></span> 
     </span>
    </p>

    <p class='ocr_par' dir='ltr' id='par_1_9' title="bbox 20 1066 1205 1676">
     <span class='ocr_line' id='line_1_10' title="bbox 20 1066 1205 1154; baseline 0.014 -33"><span class='ocrx_word' id='word_1_74' title='bbox 20 1105 21 1120; x_wconf 61' lang='grc'>,</span> <span class='ocrx_word' id='word_1_75' title='bbox 133 1073 275 1146; x_wconf 86' lang='lat' dir='ltr'><strong>portune</strong></span> <span class='ocrx_word' id='word_1_76' title='bbox 300 1066 458 1131; x_wconf 91' lang='lat' dir='ltr'><strong>inminens</strong></span> <span class='ocrx_word' id='word_1_77' title='bbox 482 1090 577 1154; x_wconf 92' lang='lat' dir='ltr'><strong>super</strong></span> <span class='ocrx_word' id='word_1_78' title='bbox 599 1066 849 1136; x_wconf 84' lang='lat' dir='ltr'><strong>Demetriadem.</strong></span> <span class='ocrx_word' id='word_1_79' title='bbox 894 1068 1022 1132; x_wconf 82' lang='lat' dir='ltr'><strong>Primus</strong></span> <span class='ocrx_word' id='word_1_80' title='bbox 1051 1069 1205 1138; x_wconf 85' lang='lat' dir='ltr'><strong>adventus</strong></span> 
     </span>
     <span class='ocr_line' id='line_1_11' title="bbox 133 1147 1203 1244; baseline 0.009 -32"><span class='ocrx_word' id='word_1_81' title='bbox 133 1147 277 1214; x_wconf 89' lang='lat' dir='ltr'><strong>hostium</strong></span> <span class='ocrx_word' id='word_1_82' title='bbox 294 1154 431 1236; x_wconf 89' lang='lat' dir='ltr'><strong>perculit</strong></span> <span class='ocrx_word' id='word_1_83' title='bbox 453 1154 574 1220; x_wconf 88' lang='lat' dir='ltr'><strong>incolas</strong></span> <span class='ocrx_word' id='word_1_84' title='bbox 599 1155 679 1220; x_wconf 88' lang='lat' dir='ltr'><strong>loci:</strong></span> <span class='ocrx_word' id='word_1_85' title='bbox 703 1154 865 1219; x_wconf 84' lang='lat' dir='ltr'><strong>conlectis·</strong></span> <span class='ocrx_word' id='word_1_86' title='bbox 879 1154 995 1219; x_wconf 89' lang='lat' dir='ltr'><strong>deinde</strong></span> <span class='ocrx_word' id='word_1_87' title='bbox 1013 1179 1053 1221; x_wconf 88' lang='lat' dir='ltr'><strong>ex</strong></span> <span class='ocrx_word' id='word_1_88' title='bbox 1074 1159 1203 1244; x_wconf 88' lang='lat' dir='ltr'><strong>necopi-</strong></span> 
     </span>
     <span class='ocr_line' id='line_1_12' title="bbox 134 1240 1203 1329; baseline 0.009 -30"><span class='ocrx_word' id='word_1_89' title='bbox 134 1245 214 1300; x_wconf 87' lang='lat' dir='ltr'><strong>nato</strong></span> <span class='ocrx_word' id='word_1_90' title='bbox 229 1258 347 1322; x_wconf 90' lang='lat' dir='ltr'><strong>pavore</strong></span> <span class='ocrx_word' id='word_1_91' title='bbox 368 1241 491 1320; x_wconf 87' lang='lat' dir='ltr'><strong>animis,</strong></span> <span class='ocrx_word' id='word_1_92' title='bbox 507 1241 690 1307; x_wconf 89' lang='lat' dir='ltr'><strong>discurrunt</strong></span> <span class='ocrx_word' id='word_1_93' title='bbox 712 1242 825 1306; x_wconf 90' lang='lat' dir='ltr'><strong>armati</strong></span> <span class='ocrx_word' id='word_1_94' title='bbox 839 1240 880 1306; x_wconf 90' lang='lat' dir='ltr'><strong>ad</strong></span> <span class='ocrx_word' id='word_1_95' title='bbox 894 1253 1002 1326; x_wconf 89' lang='lat' dir='ltr'><strong>portas</strong></span> <span class='ocrx_word' id='word_1_96' title='bbox 1017 1265 1054 1307; x_wconf 87' lang='lat' dir='ltr'><strong>ac</strong></span> <span class='ocrx_word' id='word_1_97' title='bbox 1073 1245 1203 1329; x_wconf 81' lang='lat' dir='ltr'><strong>moenia,</strong></span> 
     </span>
     <span class='ocr_line' id='line_1_13' title="bbox 135 1325 1202 1415; baseline 0.008 -28"><span class='ocrx_word' id='word_1_98' title='bbox 135 1344 202 1409; x_wconf 81' lang='lat' dir='ltr'><strong>qua</strong></span> <span class='ocrx_word' id='word_1_99' title='bbox 227 1325 364 1409; x_wconf 87' lang='lat' dir='ltr'><strong>suspecti</strong></span> <span class='ocrx_word' id='word_1_100' title='bbox 389 1327 493 1393; x_wconf 88' lang='lat' dir='ltr'><strong>aditus</strong></span> <span class='ocrx_word' id='word_1_101' title='bbox 519 1343 627 1395; x_wconf 86' lang='lat' dir='ltr'><strong>erant:</strong></span> <span class='ocrx_word' id='word_1_102' title='bbox 651 1350 803 1415; x_wconf 87' lang='lat' dir='ltr'><strong>spemque</strong></span> <span class='ocrx_word' id='word_1_103' title='bbox 825 1327 989 1414; x_wconf 87' lang='lat' dir='ltr'><strong>extemplo</strong></span> <span class='ocrx_word' id='word_1_104' title='bbox 1010 1329 1202 1412; x_wconf 82' lang='lat' dir='ltr'><strong>inciderunt,</strong></span> 
     </span>
     <span class='ocr_line' id='line_1_14' title="bbox 132 1410 1204 1504; baseline 0.009 -30"><span class='ocrx_word' id='word_1_105' title='bbox 132 1410 206 1494; x_wconf 87' lang='lat' dir='ltr'><strong>capi</strong></span> <span class='ocrx_word' id='word_1_106' title='bbox 220 1412 328 1497; x_wconf 89' lang='lat' dir='ltr'><strong>primo</strong></span> <span class='ocrx_word' id='word_1_107' title='bbox 340 1413 450 1499; x_wconf 89' lang='lat' dir='ltr'><strong>inpetu</strong></span> <span class='ocrx_word' id='word_1_108' title='bbox 464 1437 567 1501; x_wconf 90' lang='lat' dir='ltr'><strong>posse.</strong></span> <span class='ocrx_word' id='word_1_109' title='bbox 612 1414 748 1481; x_wconf 92' lang='lat' dir='ltr'><strong>Obsidio</strong></span> <span class='ocrx_word' id='word_1_110' title='bbox 758 1415 857 1500; x_wconf 87' lang='lat' dir='ltr'><strong>igitur</strong></span> <span class='ocrx_word' id='word_1_111' title='bbox 867 1415 1050 1501; x_wconf 87' lang='lat' dir='ltr'><strong>parabatur,</strong></span> <span class='ocrx_word' id='word_1_112' title='bbox 1063 1429 1096 1483; x_wconf 90' lang='lat' dir='ltr'><strong>et</strong></span> <span class='ocrx_word' id='word_1_113' title='bbox 1105 1438 1204 1504; x_wconf 88' lang='lat' dir='ltr'><strong>opera</strong></span> 
     </span>
     <span class='ocr_line' id='line_1_15' title="bbox 131 1495 1204 1590; baseline 0.01 -30"><span class='ocrx_word' id='word_1_114' title='bbox 131 1495 411 1584; x_wconf 87' lang='lat' dir='ltr'><strong>obpugnationum</strong></span> <span class='ocrx_word' id='word_1_115' title='bbox 434 1501 506 1566; x_wconf 88' lang='lat' dir='ltr'><strong>lieri</strong></span> <span class='ocrx_word' id='word_1_116' title='bbox 530 1516 649 1590; x_wconf 89' lang='lat' dir='ltr'><strong>coepta.</strong></span> <span class='ocrx_word' id='word_1_117' title='bbox 695 1502 837 1578; x_wconf 90' lang='lat' dir='ltr'><strong>Perseus,</strong></span> <span class='ocrx_word' id='word_1_118' title='bbox 864 1523 963 1590; x_wconf 91' lang='lat' dir='ltr'><strong>quum</strong></span> <span class='ocrx_word' id='word_1_119' title='bbox 988 1505 1138 1584; x_wconf 87' lang='lat' dir='ltr'><strong>audisset,</strong></span> <span class='ocrx_word' id='word_1_120' title='bbox 1162 1508 1204 1571; x_wconf 90' lang='lat' dir='ltr'><strong>si·</strong></span> 
     </span>
     <span class='ocr_line' id='line_1_16' title="bbox 134 1582 1203 1676; baseline 0.008 -29"><span class='ocrx_word' id='word_1_121' title='bbox 134 1582 204 1648; x_wconf 89' lang='lat' dir='ltr'><strong>mul</strong></span> <span class='ocrx_word' id='word_1_122' title='bbox 219 1583 405 1651; x_wconf 88' lang='lat' dir='ltr'><strong>Meliboeam</strong></span> <span class='ocrx_word' id='word_1_123' title='bbox 429 1611 449 1652; x_wconf 91' lang='lat' dir='ltr'><strong>a</strong></span> <span class='ocrx_word' id='word_1_124' title='bbox 470 1590 607 1654; x_wconf 90' lang='lat' dir='ltr'><strong>consulis</strong></span> <span class='ocrx_word' id='word_1_125' title='bbox 629 1589 772 1655; x_wconf 88' lang='lat' dir='ltr'><strong>exercitu</strong></span> <span class='ocrx_word' id='word_1_126' title='bbox 795 1589 987 1676; x_wconf 87' lang='lat' dir='ltr'><strong>obpugnari,</strong></span> <span class='ocrx_word' id='word_1_127' title='bbox 1003 1591 1097 1656; x_wconf 90' lang='lat' dir='ltr'><strong>simul</strong></span> <span class='ocrx_word' id='word_1_128' title='bbox 1122 1592 1203 1657; x_wconf 87' lang='lat' dir='ltr'><strong>clas·</strong></span> 
     </span>
    </p>

    <p class='ocr_par' dir='ltr' id='par_1_10' title="bbox 20 1671 1203 1763">
     <span class='ocr_line' id='line_1_17' title="bbox 20 1671 1203 1763; baseline 0.009 -30"><span class='ocrx_word' id='word_1_129' title='bbox 20 1701 21 1712; x_wconf 46' lang='lat'>¹</span> <span class='ocrx_word' id='word_1_130' title='bbox 134 1692 201 1734; x_wconf 89' lang='lat' dir='ltr'><strong>sem</strong></span> <span class='ocrx_word' id='word_1_131' title='bbox 231 1671 311 1736; x_wconf 82' lang='lat' dir='ltr'><strong>liilci</strong></span> <span class='ocrx_word' id='word_1_132' title='bbox 339 1685 431 1750; x_wconf 91' lang='lat' dir='ltr'><strong>stare,</strong></span> <span class='ocrx_word' id='word_1_133' title='bbox 450 1688 487 1740; x_wconf 93' lang='lat' dir='ltr'><strong>ut</strong></span> <span class='ocrx_word' id='word_1_134' title='bbox 511 1675 587 1741; x_wconf 91' lang='lat' dir='ltr'><strong>inde</strong></span> <span class='ocrx_word' id='word_1_135' title='bbox 606 1675 846 1742; x_wconf 87' lang='lat' dir='ltr'><strong>Demetriadem</strong></span> <span class='ocrx_word' id='word_1_136' title='bbox 872 1675 1111 1763; x_wconf 85' lang='lat' dir='ltr'><strong>adgrederetur,</strong></span> <span class='ocrx_word' id='word_1_137' title='bbox 1135 1679 1203 1744; x_wconf 92' lang='lat' dir='ltr'><strong>Eu·</strong></span> 
     </span>
    </p>

    <p class='ocr_par' dir='ltr' id='par_1_11' title="bbox 157 1756 1202 1846">
     <span class='ocr_line' id='line_1_18' title="bbox 157 1756 1202 1846; baseline 0.01 -26"><span class='ocrx_word' id='word_1_138' title='bbox 157 1756 330 1825; x_wconf 88' lang='lat' dir='ltr'><strong>hranorem</strong></span> <span class='ocrx_word' id='word_1_139' title='bbox 351 1761 519 1846; x_wconf 85' lang='lat' dir='ltr'><strong>quemdam</strong></span> <span class='ocrx_word' id='word_1_140' title='bbox 535 1785 575 1828; x_wconf 86' lang='lat' dir='ltr'><strong>ex</strong></span> <span class='ocrx_word' id='word_1_141' title='bbox 590 1763 726 1827; x_wconf 91' lang='lat' dir='ltr'><strong>ducibus</strong></span> <span class='ocrx_word' id='word_1_142' title='bbox 747 1784 821 1828; x_wconf 89' lang='lat' dir='ltr'><strong>cum</strong></span> <span class='ocrx_word' id='word_1_143' title='bbox 843 1761 973 1828; x_wconf 90' lang='lat' dir='ltr'><strong>delectis</strong></span> <span class='ocrx_word' id='word_1_144' title='bbox 988 1762 1115 1830; x_wconf 91' lang='lat' dir='ltr'><strong>duobus</strong></span> <span class='ocrx_word' id='word_1_145' title='bbox 1130 1767 1202 1830; x_wconf 92' lang='lat' dir='ltr'><strong>mil-</strong></span> 
     </span>
    </p>

    <p class='ocr_par' dir='ltr' id='par_1_12' title="bbox 20 1779 1261 2021">
     <span class='ocr_line' id='line_1_19' title="bbox 20 1779 1261 1935; baseline 0.009 -28"><span class='ocrx_word' id='word_1_146' title='bbox 20 1839 21 1848; x_wconf 71' lang='grc'>’</span> <span class='ocrx_word' id='word_1_147' title='bbox 133 1779 219 1908; x_wconf 90' lang='lat' dir='ltr'><strong>libus</strong></span> <span class='ocrx_word' id='word_1_148' title='bbox 235 1843 424 1912; x_wconf 90' lang='lat' dir='ltr'><strong>Meliboeam</strong></span> <span class='ocrx_word' id='word_1_149' title='bbox 445 1849 552 1913; x_wconf 89' lang='lat' dir='ltr'><strong>mittit.</strong></span> <span class='ocrx_word' id='word_1_150' title='bbox 575 1849 677 1914; x_wconf 89' lang='lat' dir='ltr'><strong>eidem</strong></span> <span class='ocrx_word' id='word_1_151' title='bbox 692 1852 895 1935; x_wconf 86' lang='lat' dir='ltr'><strong>imperatum,</strong></span> <span class='ocrx_word' id='word_1_152' title='bbox 912 1861 958 1928; x_wconf 85' lang='lat' dir='ltr'><strong>ut,</strong></span> <span class='ocrx_word' id='word_1_153' title='bbox 974 1850 1000 1914; x_wconf 93' lang='lat' dir='ltr'><strong>si</strong></span> <span class='ocrx_word' id='word_1_154' title='bbox 1015 1874 1034 1915; x_wconf 87' lang='lat' dir='ltr'><strong>a</strong></span> <span class='ocrx_word' id='word_1_155' title='bbox 1048 1850 1204 1918; x_wconf 86' lang='lat' dir='ltr'><strong>Meliboea</strong></span> <span class='ocrx_word' id='word_1_156' title='bbox 1254 1887 1261 1906; x_wconf 61' lang='lat' dir='ltr'><em>o</em></span> 
     </span>
     <span class='ocr_line' id='line_1_20' title="bbox 132 1932 1203 2021; baseline 0.01 -26"><span class='ocrx_word' id='word_1_157' title='bbox 132 1932 345 1998; x_wconf 82' lang='lat' dir='ltr'><strong>submovisset</strong></span> <span class='ocrx_word' id='word_1_158' title='bbox 369 1934 543 2014; x_wconf 89' lang='lat' dir='ltr'><strong>Romanos,</strong></span> <span class='ocrx_word' id='word_1_159' title='bbox 559 1936 799 2003; x_wconf 86' lang='lat' dir='ltr'><strong>Demetriadem</strong></span> <span class='ocrx_word' id='word_1_160' title='bbox 825 1935 913 2021; x_wconf 89' lang='lat' dir='ltr'><strong>prius</strong></span> <span class='ocrx_word' id='word_1_161' title='bbox 937 1937 1064 2002; x_wconf 88' lang='lat' dir='ltr'><strong>occulto</strong></span> <span class='ocrx_word' id='word_1_162' title='bbox 1089 1937 1203 2006; x_wconf 89' lang='lat' dir='ltr'><strong>itinere</strong></span> 
     </span>
    </p>

    <p class='ocr_par' dir='ltr' id='par_1_13' title="bbox 20 2017 1202 2106">
     <span class='ocr_line' id='line_1_21' title="bbox 20 2017 1202 2106; baseline 0.009 -26"><span class='ocrx_word' id='word_1_163' title='bbox 20 2091 21 2100; x_wconf 8' lang='grc' dir='ltr'>ἵ</span> <span class='ocrx_word' id='word_1_164' title='bbox 132 2017 282 2098; x_wconf 86' lang='lat' dir='ltr'><strong>intraret,</strong></span> <span class='ocrx_word' id='word_1_165' title='bbox 297 2029 395 2106; x_wconf 84' lang='lat' dir='ltr'><strong>quant</strong></span> <span class='ocrx_word' id='word_1_166' title='bbox 409 2021 450 2086; x_wconf 91' lang='lat' dir='ltr'><strong>ab</strong></span> <span class='ocrx_word' id='word_1_167' title='bbox 465 2021 557 2088; x_wconf 78' lang='lat' dir='ltr'><strong>tttlco</strong></span> <span class='ocrx_word' id='word_1_168' title='bbox 572 2023 613 2088; x_wconf 89' lang='lat' dir='ltr'><strong>ad</strong></span> <span class='ocrx_word' id='word_1_169' title='bbox 629 2025 739 2088; x_wconf 90' lang='lat' dir='ltr'><strong>urbem</strong></span> <span class='ocrx_word' id='word_1_170' title='bbox 754 2035 858 2089; x_wconf 87' lang='lat' dir='ltr'><strong>castra</strong></span> <span class='ocrx_word' id='word_1_171' title='bbox 873 2035 1036 2089; x_wconf 83' lang='lat' dir='ltr'><strong>moverent</strong></span> <span class='ocrx_word' id='word_1_172' title='bbox 1052 2025 1202 2091; x_wconf 80' lang='lat' dir='ltr'><strong>Romani.</strong></span> 
     </span>
    </p>

    <p class='ocr_par' dir='ltr' id='par_1_14' title="bbox 20 2103 1204 2371">
     <span class='ocr_line' id='line_1_22' title="bbox 20 2103 1203 2198; baseline 0.008 -29"><span class='ocrx_word' id='word_1_173' title='bbox 20 2103 21 2182; x_wconf 67' lang='lat' dir='ltr'><strong>l</strong></span> <span class='ocrx_word' id='word_1_174' title='bbox 134 2104 179 2170; x_wconf 86' lang='lat' dir='ltr'><strong>Et</strong></span> <span class='ocrx_word' id='word_1_175' title='bbox 202 2106 243 2171; x_wconf 88' lang='lat' dir='ltr'><strong>ab</strong></span> <span class='ocrx_word' id='word_1_176' title='bbox 264 2106 540 2195; x_wconf 81' lang='lat' dir='ltr'><strong>obpugnatoribus</strong></span> <span class='ocrx_word' id='word_1_177' title='bbox 556 2108 733 2190; x_wconf 75' lang='lat' dir='ltr'><strong>Meliboeae,</strong></span> <span class='ocrx_word' id='word_1_178' title='bbox 749 2131 847 2198; x_wconf 90' lang='lat' dir='ltr'><strong>quum</strong></span> <span class='ocrx_word' id='word_1_179' title='bbox 871 2110 904 2173; x_wconf 94' lang='lat' dir='ltr'><strong>in</strong></span> <span class='ocrx_word' id='word_1_180' title='bbox 924 2111 1141 2196; x_wconf 88' lang='lat' dir='ltr'><strong>superioribus</strong></span> <span class='ocrx_word' id='word_1_181' title='bbox 1154 2111 1203 2178; x_wconf 87' lang='lat' dir='ltr'><strong>lo·</strong></span> 
     </span>
     <span class='ocr_line' id='line_1_23' title="bbox 133 2192 1204 2282; baseline 0.007 -26"><span class='ocrx_word' id='word_1_182' title='bbox 133 2192 179 2257; x_wconf 86' lang='lat' dir='ltr'><strong>cia</strong></span> <span class='ocrx_word' id='word_1_183' title='bbox 208 2205 339 2279; x_wconf 90' lang='lat' dir='ltr'><strong>repente</strong></span> <span class='ocrx_word' id='word_1_184' title='bbox 372 2194 580 2282; x_wconf 75' lang='lat' dir='ltr'><strong>adparuisset,</strong></span> <span class='ocrx_word' id='word_1_185' title='bbox 610 2217 684 2262; x_wconf 91' lang='lat' dir='ltr'><strong>cnm</strong></span> <span class='ocrx_word' id='word_1_186' title='bbox 719 2211 768 2262; x_wconf 89' lang='lat' dir='ltr'><strong>tre</strong></span> <span class='ocrx_word' id='word_1_187' title='bbox 791 2196 932 2264; x_wconf 86' lang='lat' dir='ltr'><strong>idatione</strong></span> <span class='ocrx_word' id='word_1_188' title='bbox 963 2196 1063 2261; x_wconf 87' lang='lat' dir='ltr'><strong>multa</strong></span> <span class='ocrx_word' id='word_1_189' title='bbox 1092 2198 1204 2264; x_wconf 89' lang='lat' dir='ltr'><strong>relicta</strong></span> 
     </span>
     <span class='ocr_line' id='line_1_24' title="bbox 134 2281 1202 2371; baseline 0.007 -28"><span class='ocrx_word' id='word_1_190' title='bbox 134 2299 234 2362; x_wconf 89' lang='lat' dir='ltr'><strong>opera</strong></span> <span class='ocrx_word' id='word_1_191' title='bbox 248 2292 333 2360; x_wconf 89' lang='lat' dir='ltr'><strong>sunt,</strong></span> <span class='ocrx_word' id='word_1_192' title='bbox 349 2281 494 2371; x_wconf 84' lang='lat' dir='ltr'><strong>ignisque</strong></span> <span class='ocrx_word' id='word_1_193' title='bbox 507 2283 652 2370; x_wconf 88' lang='lat' dir='ltr'><strong>injectus.</strong></span> <span class='ocrx_word' id='word_1_194' title='bbox 675 2284 753 2348; x_wconf 89' lang='lat' dir='ltr'><strong>itaa</strong></span> <span class='ocrx_word' id='word_1_195' title='bbox 809 2282 923 2346; x_wconf 88' lang='lat' dir='ltr'><strong>eliboea</strong></span> <span class='ocrx_word' id='word_1_196' title='bbox 943 2283 1121 2366; x_wconf 84' lang='lat' dir='ltr'><strong>abscessum</strong></span> <span class='ocrx_word' id='word_1_197' title='bbox 1143 2298 1202 2350; x_wconf 88' lang='lat' dir='ltr'><strong>est.</strong></span> 
     </span>
    </p>

    <p class='ocr_par' dir='ltr' id='par_1_15' title="bbox 20 2366 1204 2804">
     <span class='ocr_line' id='line_1_25' title="bbox 20 2366 1202 2452; baseline 0.006 -23"><span class='ocrx_word' id='word_1_198' title='bbox 20 2383 21 2416; x_wconf 72' lang='lat'>³</span> <span class='ocrx_word' id='word_1_199' title='bbox 134 2366 343 2452; x_wconf 84' lang='lat' dir='ltr'><strong>Euphranor,</strong></span> <span class='ocrx_word' id='word_1_200' title='bbox 359 2369 462 2435; x_wconf 90' lang='lat' dir='ltr'><strong>soluta</strong></span> <span class='ocrx_word' id='word_1_201' title='bbox 477 2370 572 2436; x_wconf 91' lang='lat' dir='ltr'><strong>unius</strong></span> <span class='ocrx_word' id='word_1_202' title='bbox 585 2369 674 2436; x_wconf 87' lang='lat' dir='ltr'><strong>urbis</strong></span> <span class='ocrx_word' id='word_1_203' title='bbox 696 2368 874 2446; x_wconf 90' lang='lat' dir='ltr'><strong>obsidione,</strong></span> <span class='ocrx_word' id='word_1_204' title='bbox 891 2369 1130 2434; x_wconf 87' lang='lat' dir='ltr'><strong>Demetriadem</strong></span> <span class='ocrx_word' id='word_1_205' title='bbox 1147 2393 1202 2436; x_wconf 84' lang='lat' dir='ltr'><strong>ex-</strong></span> 
     </span>
     <span class='ocr_line' id='line_1_26' title="bbox 133 2453 1201 2544; baseline 0.004 -26"><span class='ocrx_word' id='word_1_206' title='bbox 133 2454 255 2541; x_wconf 87' lang='lat' dir='ltr'><strong>templo</strong></span> <span class='ocrx_word' id='word_1_207' title='bbox 270 2454 368 2520; x_wconf 87' lang='lat' dir='ltr'><strong>ducit.</strong></span> <span class='ocrx_word' id='word_1_208' title='bbox 391 2475 450 2520; x_wconf 88' lang='lat' dir='ltr'><strong>nee</strong></span> <span class='ocrx_word' id='word_1_209' title='bbox 464 2471 532 2521; x_wconf 91' lang='lat' dir='ltr'><strong>tum</strong></span> <span class='ocrx_word' id='word_1_210' title='bbox 547 2457 667 2521; x_wconf 89' lang='lat' dir='ltr'><strong>moenia</strong></span> <span class='ocrx_word' id='word_1_211' title='bbox 682 2455 790 2536; x_wconf 89' lang='lat' dir='ltr'><strong>modo,</strong></span> <span class='ocrx_word' id='word_1_212' title='bbox 802 2455 857 2520; x_wconf 88' lang='lat' dir='ltr'><strong>sed</strong></span> <span class='ocrx_word' id='word_1_213' title='bbox 872 2476 965 2544; x_wconf 87' lang='lat' dir='ltr'><strong>agros</strong></span> <span class='ocrx_word' id='word_1_214' title='bbox 980 2455 1075 2520; x_wconf 88' lang='lat' dir='ltr'><strong>etiam</strong></span> <span class='ocrx_word' id='word_1_215' title='bbox 1090 2453 1201 2522; x_wconf 70' lang='lat' dir='ltr'><strong>l*eon-</strong></span> 
     </span>
     <span class='ocr_line' id='line_1_27' title="bbox 135 2539 1201 2630; baseline 0.006 -26"><span class='ocrx_word' id='word_1_216' title='bbox 135 2539 276 2606; x_wconf 87' lang='lat' dir='ltr'><strong>fiderunt</strong></span> <span class='ocrx_word' id='word_1_217' title='bbox 297 2565 330 2607; x_wconf 91' lang='lat' dir='ltr'><strong>se</strong></span> <span class='ocrx_word' id='word_1_218' title='bbox 352 2565 372 2606; x_wconf 89' lang='lat' dir='ltr'><strong>a</strong></span> <span class='ocrx_word' id='word_1_219' title='bbox 392 2543 653 2628; x_wconf 89' lang='lat' dir='ltr'><strong>populationibus</strong></span> <span class='ocrx_word' id='word_1_220' title='bbox 674 2543 757 2630; x_wconf 87' lang='lat' dir='ltr'><strong>tueri</strong></span> <span class='ocrx_word' id='word_1_221' title='bbox 782 2563 891 2629; x_wconf 83' lang='lat' dir='ltr'><strong>posse:</strong></span> <span class='ocrx_word' id='word_1_222' title='bbox 913 2553 946 2607; x_wconf 90' lang='lat' dir='ltr'><strong>et</strong></span> <span class='ocrx_word' id='word_1_223' title='bbox 970 2541 1152 2629; x_wconf 89' lang='lat' dir='ltr'><strong>eruptiones</strong></span> <span class='ocrx_word' id='word_1_224' title='bbox 1168 2545 1201 2610; x_wconf 91' lang='lat' dir='ltr'><strong>in</strong></span> 
     </span>
     <span class='ocr_line' id='line_1_28' title="bbox 133 2627 1201 2718; baseline 0.006 -27"><span class='ocrx_word' id='word_1_225' title='bbox 133 2645 233 2718; x_wconf 87' lang='lat' dir='ltr'><strong>vagos</strong></span> <span class='ocrx_word' id='word_1_226' title='bbox 247 2629 451 2716; x_wconf 80' lang='lat' dir='ltr'><strong>populatores</strong></span> <span class='ocrx_word' id='word_1_227' title='bbox 473 2653 538 2695; x_wconf 91' lang='lat' dir='ltr'><strong>uon</strong></span> <span class='ocrx_word' id='word_1_228' title='bbox 561 2631 629 2696; x_wconf 90' lang='lat' dir='ltr'><strong>sine</strong></span> <span class='ocrx_word' id='word_1_229' title='bbox 650 2630 834 2697; x_wconf 87' lang='lat' dir='ltr'><strong>vulneribus</strong></span> <span class='ocrx_word' id='word_1_230' title='bbox 852 2627 996 2694; x_wconf 90' lang='lat' dir='ltr'><strong>hostium</strong></span> <span class='ocrx_word' id='word_1_231' title='bbox 1010 2628 1103 2695; x_wconf 76' lang='lat' dir='ltr'><strong>facte</strong></span> <span class='ocrx_word' id='word_1_232' title='bbox 1118 2643 1201 2698; x_wconf 89' lang='lat' dir='ltr'><strong>suut.</strong></span> 
     </span>
     <span class='ocr_line' id='line_1_29' title="bbox 135 2713 1204 2804; baseline 0.004 -24"><span class='ocrx_word' id='word_1_233' title='bbox 135 2713 352 2782; x_wconf 81' lang='lat' dir='ltr'><strong>Circumvecti</strong></span> <span class='ocrx_word' id='word_1_234' title='bbox 370 2730 478 2782; x_wconf 87' lang='lat' dir='ltr'><strong>tamen</strong></span> <span class='ocrx_word' id='word_1_235' title='bbox 501 2717 623 2782; x_wconf 88' lang='lat' dir='ltr'><strong>moenia</strong></span> <span class='ocrx_word' id='word_1_236' title='bbox 644 2731 718 2783; x_wconf 92' lang='lat' dir='ltr'><strong>sunt</strong></span> <span class='ocrx_word' id='word_1_237' title='bbox 738 2730 859 2804; x_wconf 73' lang='lat' dir='ltr'><strong>praetor</strong></span> <span class='ocrx_word' id='word_1_238' title='bbox 873 2731 987 2804; x_wconf 81' lang='lat' dir='ltr'><strong>etrex,</strong></span> <span class='ocrx_word' id='word_1_239' title='bbox 1003 2715 1099 2783; x_wconf 81' lang='lat' dir='ltr'><strong>situm</strong></span> <span class='ocrx_word' id='word_1_240' title='bbox 1113 2718 1204 2784; x_wconf 89' lang='lat' dir='ltr'><strong>urbis</strong></span> 
     </span>
    </p>

    <p class='ocr_par' dir='ltr' id='par_1_16' title="bbox 20 2803 1271 2935">
     <span class='ocr_line' id='line_1_30' title="bbox 20 2803 1271 2935; baseline 0.006 -70"><span class='ocrx_word' id='word_1_241' title='bbox 20 2837 21 2852; x_wconf 34' lang='grc' dir='ltr'><strong>κ</strong></span> <span class='ocrx_word' id='word_1_242' title='bbox 134 2803 395 2888; x_wconf 85' lang='lat' dir='ltr'><strong>contemplantes,</strong></span> <span class='ocrx_word' id='word_1_243' title='bbox 411 2804 437 2868; x_wconf 87' lang='lat' dir='ltr'><strong>si</strong></span> <span class='ocrx_word' id='word_1_244' title='bbox 461 2827 524 2892; x_wconf 88' lang='lat' dir='ltr'><strong>qua</strong></span> <span class='ocrx_word' id='word_1_245' title='bbox 548 2817 640 2935; x_wconf 89' lang='lat' dir='ltr'><strong>parte</strong></span> <span class='ocrx_word' id='word_1_246' title='bbox 660 2815 784 2869; x_wconf 86' lang='lat' dir='ltr'><strong>tentare</strong></span> <span class='ocrx_word' id='word_1_247' title='bbox 805 2816 860 2868; x_wconf 91' lang='lat' dir='ltr'><strong>aut</strong></span> <span class='ocrx_word' id='word_1_248' title='bbox 881 2824 978 2890; x_wconf 87' lang='lat' dir='ltr'><strong>opere</strong></span> <span class='ocrx_word' id='word_1_249' title='bbox 999 2817 1055 2870; x_wconf 91' lang='lat' dir='ltr'><strong>aut</strong></span> <span class='ocrx_word' id='word_1_250' title='bbox 1076 2804 1107 2868; x_wconf 85' lang='lat' dir='ltr'><strong>vi</strong></span> <span class='ocrx_word' id='word_1_251' title='bbox 1129 2827 1204 2894; x_wconf 88' lang='lat' dir='ltr'><strong>pos·</strong></span> <span class='ocrx_word' id='word_1_252' title='bbox 1270 2849 1271 2852; x_wconf 59' lang='lat'><em>=</em></span> 
     </span>
    </p>

    <p class='ocr_par' dir='ltr' id='par_1_17' title="bbox 20 2889 1205 3325">
     <span class='ocr_line' id='line_1_31' title="bbox 20 2889 1204 2978; baseline 0.005 -26"><span class='ocrx_word' id='word_1_253' title='bbox 20 2915 21 2952; x_wconf 68' lang='lat' dir='ltr'><strong>r</strong></span> <span class='ocrx_word' id='word_1_254' title='bbox 135 2901 214 2955; x_wconf 87' lang='lat' dir='ltr'><strong>sent.</strong></span> <span class='ocrx_word' id='word_1_255' title='bbox 262 2891 361 2956; x_wconf 82' lang='lat' dir='ltr'><strong>Fania</strong></span> <span class='ocrx_word' id='word_1_256' title='bbox 386 2889 456 2969; x_wconf 88' lang='lat' dir='ltr'><strong>fuit,</strong></span> <span class='ocrx_word' id='word_1_257' title='bbox 479 2913 537 2977; x_wconf 91' lang='lat' dir='ltr'><strong>per</strong></span> <span class='ocrx_word' id='word_1_258' title='bbox 564 2891 786 2978; x_wconf 69' lang='lat' dir='ltr'><strong>⁵Cydantem⁶</strong></span> <span class='ocrx_word' id='word_1_259' title='bbox 802 2891 986 2956; x_wconf 87' lang='lat' dir='ltr'><strong>Cretensem</strong></span> <span class='ocrx_word' id='word_1_260' title='bbox 1009 2904 1041 2957; x_wconf 89' lang='lat' dir='ltr'><strong>et</strong></span> <span class='ocrx_word' id='word_1_261' title='bbox 1057 2892 1204 2958; x_wconf 86' lang='lat' dir='ltr'><strong>Antima-</strong></span> 
     </span>
     <span class='ocr_line' id='line_1_32' title="bbox 135 2975 1205 3065; baseline 0.006 -25"><span class='ocrx_word' id='word_1_262' title='bbox 135 2975 244 3054; x_wconf 84' lang='lat' dir='ltr'><strong>chum&#39;,</strong></span> <span class='ocrx_word' id='word_1_263' title='bbox 261 2978 317 3064; x_wconf 93' lang='lat' dir='ltr'><strong>qui</strong></span> <span class='ocrx_word' id='word_1_264' title='bbox 332 2977 532 3043; x_wconf 87' lang='lat' dir='ltr'><strong>Demetriadi</strong></span> <span class='ocrx_word' id='word_1_265' title='bbox 546 2990 693 3065; x_wconf 82' lang='lat' dir='ltr'><strong>praeerat,</strong></span> <span class='ocrx_word' id='word_1_266' title='bbox 709 2989 858 3043; x_wconf 88' lang='lat' dir='ltr'><strong>tractatas</strong></span> <span class='ocrx_word' id='word_1_267' title='bbox 879 2978 963 3043; x_wconf 90' lang='lat' dir='ltr'><strong>inter</strong></span> <span class='ocrx_word' id='word_1_268' title='bbox 979 2977 1157 3044; x_wconf 89' lang='lat' dir='ltr'><strong>Eumenem</strong></span> <span class='ocrx_word' id='word_1_269' title='bbox 1173 2994 1205 3046; x_wconf 86' lang='lat' dir='ltr'><strong>et</strong></span> 
     </span>
     <span class='ocr_line' id='line_1_33' title="bbox 138 3062 1205 3132; baseline 0.005 -5"><span class='ocrx_word' id='word_1_270' title='bbox 138 3062 255 3130; x_wconf 86' lang='lat' dir='ltr'><strong>Persea</strong></span> <span class='ocrx_word' id='word_1_271' title='bbox 273 3064 471 3130; x_wconf 87' lang='lat' dir='ltr'><strong>conditiones</strong></span> <span class='ocrx_word' id='word_1_272' title='bbox 494 3066 653 3130; x_wconf 86' lang='lat' dir='ltr'><strong>amicitiae.</strong></span> <span class='ocrx_word' id='word_1_273' title='bbox 675 3065 717 3129; x_wconf 88' lang='lat' dir='ltr'><strong>ab</strong></span> <span class='ocrx_word' id='word_1_274' title='bbox 741 3065 950 3130; x_wconf 89' lang='lat' dir='ltr'><strong>Demetriade</strong></span> <span class='ocrx_word' id='word_1_275' title='bbox 972 3079 1057 3130; x_wconf 89' lang='lat' dir='ltr'><strong>certe</strong></span> <span class='ocrx_word' id='word_1_276' title='bbox 1082 3067 1205 3132; x_wconf 85' lang='lat' dir='ltr'><strong>absces-</strong></span> 
     </span>
     <span class='ocr_line' id='line_1_34' title="bbox 136 3150 1205 3250; baseline 0.003 -35"><span class='ocrx_word' id='word_1_277' title='bbox 136 3173 209 3216; x_wconf 87' lang='lat' dir='ltr'><strong>sum</strong></span> <span class='ocrx_word' id='word_1_278' title='bbox 220 3165 277 3216; x_wconf 88' lang='lat' dir='ltr'><strong>est.</strong></span> <span class='ocrx_word' id='word_1_279' title='bbox 322 3152 483 3216; x_wconf 85' lang='lat' dir='ltr'><strong>Eumenes</strong></span> <span class='ocrx_word' id='word_1_280' title='bbox 503 3152 543 3217; x_wconf 90' lang='lat' dir='ltr'><strong>ad</strong></span> <span class='ocrx_word' id='word_1_281' title='bbox 559 3152 722 3216; x_wconf 91' lang='lat' dir='ltr'><strong>consulem</strong></span> <span class='ocrx_word' id='word_1_282' title='bbox 743 3152 889 3240; x_wconf 74' lang='lat' dir='ltr'><strong>navigate</strong></span> <span class='ocrx_word' id='word_1_283' title='bbox 911 3150 1100 3250; x_wconf 85' lang='lat' dir='ltr'><strong>gratulatus,</strong></span> <span class='ocrx_word' id='word_1_284' title='bbox 1117 3153 1205 3238; x_wconf 92' lang='lat' dir='ltr'><strong>quod</strong></span> 
     </span>
     <span class='ocr_line' id='line_1_35' title="bbox 133 3231 1205 3325; baseline 0.003 -23"><span class='ocrx_word' id='word_1_285' title='bbox 133 3260 288 3325; x_wconf 90' lang='lat' dir='ltr'><strong>prospere</strong></span> <span class='ocrx_word' id='word_1_286' title='bbox 298 3237 525 3304; x_wconf 90' lang='lat' dir='ltr'><strong>Macedoniam</strong></span> <span class='ocrx_word' id='word_1_287' title='bbox 540 3231 695 3316; x_wconf 85' lang='lat' dir='ltr'><strong>iirtrasset,</strong></span> <span class='ocrx_word' id='word_1_288' title='bbox 710 3235 903 3325; x_wconf 90' lang='lat' dir='ltr'><strong>Pergamum</strong></span> <span class='ocrx_word' id='word_1_289' title='bbox 919 3258 953 3304; x_wconf 90' lang='lat' dir='ltr'><strong>1n</strong></span> <span class='ocrx_word' id='word_1_290' title='bbox 969 3259 1101 3325; x_wconf 86' lang='lat' dir='ltr'><strong>regnum</strong></span> <span class='ocrx_word' id='word_1_291' title='bbox 1115 3237 1205 3305; x_wconf 80' lang='lat' dir='ltr'><strong>abit‘.</strong></span> 
     </span>
    </p>

    <p class='ocr_par' dir='ltr' id='par_1_18' title="bbox 20 3323 1205 3414">
     <span class='ocr_line' id='line_1_36' title="bbox 20 3323 1205 3414; baseline 0.001 -24"><span class='ocrx_word' id='word_1_292' title='bbox 20 3331 21 3336; x_wconf 75' lang='grc'>’</span> <span class='ocrx_word' id='word_1_293' title='bbox 136 3324 284 3390; x_wconf 87' lang='lat' dir='ltr'><strong>Marcius</strong></span> <span class='ocrx_word' id='word_1_294' title='bbox 300 3325 433 3414; x_wconf 84' lang='lat' dir='ltr'><strong>Figulus</strong></span> <span class='ocrx_word' id='word_1_295' title='bbox 446 3335 577 3409; x_wconf 85' lang='lat' dir='ltr'><strong>praetor&#39;,</strong></span> <span class='ocrx_word' id='word_1_296' title='bbox 590 3335 682 3410; x_wconf 87' lang='lat' dir='ltr'><strong>parte</strong></span> <span class='ocrx_word' id='word_1_297' title='bbox 703 3324 812 3406; x_wconf 82' lang='lat' dir='ltr'><strong>classis</strong></span> <span class='ocrx_word' id='word_1_298' title='bbox 831 3325 865 3388; x_wconf 89' lang='lat' dir='ltr'><strong>ln</strong></span> <span class='ocrx_word' id='word_1_299' title='bbox 885 3323 1020 3388; x_wconf 87' lang='lat' dir='ltr'><strong>hiberna</strong></span> <span class='ocrx_word' id='word_1_300' title='bbox 1036 3323 1205 3406; x_wconf 86' lang='lat' dir='ltr'><strong>Sciathum</strong></span> 
     </span>
    </p>

    <p class='ocr_par' dir='ltr' id='par_1_19' title="bbox 20 3410 1207 3848">
     <span class='ocr_line' id='line_1_37' title="bbox 20 3410 1205 3500; baseline 0.001 -25"><span class='ocrx_word' id='word_1_301' title='bbox 20 3441 22 3464; x_wconf 59' lang='grc' dir='ltr'><strong>ι</strong></span> <span class='ocrx_word' id='word_1_302' title='bbox 133 3413 242 3488; x_wconf 89' lang='lat' dir='ltr'><strong>missa,</strong></span> <span class='ocrx_word' id='word_1_303' title='bbox 263 3435 337 3478; x_wconf 88' lang='lat' dir='ltr'><strong>eum</strong></span> <span class='ocrx_word' id='word_1_304' title='bbox 363 3413 493 3500; x_wconf 89' lang='lat' dir='ltr'><strong>reliquis</strong></span> <span class='ocrx_word' id='word_1_305' title='bbox 520 3412 653 3477; x_wconf 80' lang='lat' dir='ltr'><strong>navibus</strong></span> <span class='ocrx_word' id='word_1_306' title='bbox 674 3411 701 3455; x_wconf 79' lang='lat'><strong>⁷⁶</strong></span> <span class='ocrx_word' id='word_1_307' title='bbox 711 3411 835 3477; x_wconf 90' lang='lat' dir='ltr'><strong>Oreum</strong></span> <span class='ocrx_word' id='word_1_308' title='bbox 859 3410 994 3476; x_wconf 72' lang='lat' dir='ltr'><strong>Boeotia</strong></span> <span class='ocrx_word' id='word_1_309' title='bbox 1020 3412 1109 3496; x_wconf 90' lang='lat' dir='ltr'><strong>petit,</strong></span> <span class='ocrx_word' id='word_1_310' title='bbox 1133 3434 1205 3476; x_wconf 91' lang='lat' dir='ltr'><strong>eam</strong></span> 
     </span>
     <span class='ocr_line' id='line_1_38' title="bbox 133 3497 1206 3584; baseline 0.001 -21"><span class='ocrx_word' id='word_1_311' title='bbox 133 3498 248 3564; x_wconf 89' lang='lat' dir='ltr'><strong>urbem</strong></span> <span class='ocrx_word' id='word_1_312' title='bbox 263 3500 457 3584; x_wconf 88' lang='lat' dir='ltr'><strong>aptissimam</strong></span> <span class='ocrx_word' id='word_1_313' title='bbox 477 3511 580 3579; x_wconf 81' lang='lat' dir='ltr'><strong>ratus,</strong></span> <span class='ocrx_word' id='word_1_314' title='bbox 602 3497 687 3564; x_wconf 92' lang='lat' dir='ltr'><strong>unde</strong></span> <span class='ocrx_word' id='word_1_315' title='bbox 708 3497 908 3574; x_wconf 85' lang='lat' dir='ltr'><strong>exercitibus,</strong></span> <span class='ocrx_word' id='word_1_316' title='bbox 923 3499 979 3584; x_wconf 92' lang='lat' dir='ltr'><strong>qui</strong></span> <span class='ocrx_word' id='word_1_317' title='bbox 1003 3499 1035 3562; x_wconf 92' lang='lat' dir='ltr'><strong>in</strong></span> <span class='ocrx_word' id='word_1_318' title='bbox 1053 3497 1206 3564; x_wconf 85' lang='lat' dir='ltr'><strong>Macedo-</strong></span> 
     </span>
     <span class='ocr_line' id='line_1_39' title="bbox 132 3585 1206 3675; baseline 0.001 -25"><span class='ocrx_word' id='word_1_319' title='bbox 132 3585 200 3665; x_wconf 77' lang='lat' dir='ltr'><strong>nia,</strong></span> <span class='ocrx_word' id='word_1_320' title='bbox 226 3587 345 3675; x_wconf 89' lang='lat' dir='ltr'><strong>quique</strong></span> <span class='ocrx_word' id='word_1_321' title='bbox 370 3589 403 3652; x_wconf 92' lang='lat' dir='ltr'><strong>in</strong></span> <span class='ocrx_word' id='word_1_322' title='bbox 424 3586 592 3652; x_wconf 87' lang='lat' dir='ltr'><strong>Thessalia</strong></span> <span class='ocrx_word' id='word_1_323' title='bbox 613 3599 714 3668; x_wconf 89' lang='lat' dir='ltr'><strong>erant,</strong></span> <span class='ocrx_word' id='word_1_324' title='bbox 740 3586 823 3651; x_wconf 89' lang='lat' dir='ltr'><strong>mitti</strong></span> <span class='ocrx_word' id='word_1_325' title='bbox 848 3597 1042 3650; x_wconf 87' lang='lat' dir='ltr'><strong>commeatus</strong></span> <span class='ocrx_word' id='word_1_326' title='bbox 1066 3595 1206 3671; x_wconf 83' lang='lat' dir='ltr'><strong>possent.</strong></span> 
     </span>
     <span class='ocr_line' id='line_1_40' title="bbox 133 3671 1206 3762; baseline 0 -24"><span class='ocrx_word' id='word_1_327' title='bbox 133 3673 188 3738; x_wconf 87' lang='lat' dir='ltr'><strong>De</strong></span> <span class='ocrx_word' id='word_1_328' title='bbox 203 3672 349 3740; x_wconf 87' lang='lat' dir='ltr'><strong>Eumene</strong></span> <span class='ocrx_word' id='word_1_329' title='bbox 363 3689 438 3762; x_wconf 85' lang='lat' dir='ltr'><strong>rege</strong></span> <span class='ocrx_word' id='word_1_330' title='bbox 452 3672 548 3762; x_wconf 83' lang='lat' dir='ltr'><strong>louge</strong></span> <span class='ocrx_word' id='word_1_331' title='bbox 560 3672 684 3739; x_wconf 87' lang='lat' dir='ltr'><strong>diversa</strong></span> <span class='ocrx_word' id='word_1_332' title='bbox 699 3672 840 3738; x_wconf 87' lang='lat' dir='ltr'><strong>tradunt.</strong></span> <span class='ocrx_word' id='word_1_333' title='bbox 888 3671 923 3738; x_wconf 89' lang='lat' dir='ltr'><strong>Si</strong></span> <span class='ocrx_word' id='word_1_334' title='bbox 939 3671 1068 3737; x_wconf 88' lang='lat' dir='ltr'><strong>Valerio</strong></span> <span class='ocrx_word' id='word_1_335' title='bbox 1081 3671 1206 3738; x_wconf 88' lang='lat' dir='ltr'><strong>Antiati</strong></span> 
     </span>
     <span class='ocr_line' id='line_1_41' title="bbox 132 3759 1207 3848; baseline -0.001 -23"><span class='ocrx_word' id='word_1_336' title='bbox 132 3759 256 3841; x_wconf 90' lang='lat' dir='ltr'><strong>credas,</strong></span> <span class='ocrx_word' id='word_1_337' title='bbox 268 3784 328 3828; x_wconf 89' lang='lat' dir='ltr'><strong>neo</strong></span> <span class='ocrx_word' id='word_1_338' title='bbox 342 3761 441 3828; x_wconf 85' lang='lat' dir='ltr'><strong>classe</strong></span> <span class='ocrx_word' id='word_1_339' title='bbox 455 3761 599 3848; x_wconf 85' lang='lat' dir='ltr'><strong>adjutum</strong></span> <span class='ocrx_word' id='word_1_340' title='bbox 615 3759 656 3826; x_wconf 83' lang='lat' dir='ltr'><strong>ab</strong></span> <span class='ocrx_word' id='word_1_341' title='bbox 670 3782 709 3826; x_wconf 92' lang='lat' dir='ltr'><strong>eo</strong></span> <span class='ocrx_word' id='word_1_342' title='bbox 722 3775 895 3846; x_wconf 73' lang='lat' dir='ltr'><strong>praetorem</strong></span> <span class='ocrx_word' id='word_1_343' title='bbox 910 3781 986 3838; x_wconf 84' lang='lat' dir='ltr'><strong>esse,</strong></span> <span class='ocrx_word' id='word_1_344' title='bbox 1003 3781 1102 3846; x_wconf 90' lang='lat' dir='ltr'><strong>quum</strong></span> <span class='ocrx_word' id='word_1_345' title='bbox 1121 3781 1207 3846; x_wconf 87' lang='lat' dir='ltr'><strong>soepe</strong></span> 
     </span>
    </p>
   </div>
   <div class='ocr_carea' id='block_1_3' title="bbox 384 3889 960 3976">
    <p class='ocr_par' dir='ltr' id='par_1_20' title="bbox 384 3889 960 3976">
     <span class='ocr_line' id='line_1_42' title="bbox 384 3889 960 3976; baseline 0 -15"><span class='ocrx_word' id='word_1_346' title='bbox 384 3913 580 3976; x_wconf 67' lang='lat' dir='ltr'><strong>seymcm.</strong></span> <span class='ocrx_word' id='word_1_347' title='bbox 711 3905 877 3961; x_wconf 72' lang='lat' dir='ltr'><strong>faunam.</strong></span> <span class='ocrx_word' id='word_1_348' title='bbox 890 3889 960 3961; x_wconf 61' lang='lat' dir='ltr'><strong>cni.</strong></span> 
     </span>
    </p>
   </div>
   <div class='ocr_carea' id='block_1_4' title="bbox 128 4056 1207 4459">
    <p class='ocr_par' dir='ltr' id='par_1_21' title="bbox 128 4056 1207 4459">
     <span class='ocr_line' id='line_1_43' title="bbox 165 4056 1206 4130; baseline -0.002 -15"><span class='ocrx_word' id='word_1_349' title='bbox 165 4063 390 4130; x_wconf 66' lang='lat' dir='ltr'><strong>il&#39;tbnflderunt]</strong></span> <span class='ocrx_word' id='word_1_350' title='bbox 424 4065 548 4128; x_wconf 73' lang='lat' dir='ltr'><strong>obsura</strong></span> <span class='ocrx_word' id='word_1_351' title='bbox 564 4077 653 4126; x_wconf 86' lang='lat' dir='ltr'><strong>parum</strong></span> <span class='ocrx_word' id='word_1_352' title='bbox 685 4064 786 4112; x_wconf 79' lang='lat' dir='ltr'><strong>Euboeae</strong></span> <span class='ocrx_word' id='word_1_353' title='bbox 807 4065 905 4122; x_wconf 75' lang='lat' dir='ltr'><strong>insule,</strong></span> <span class='ocrx_word' id='word_1_354' title='bbox 926 4074 975 4110; x_wconf 87' lang='lat' dir='ltr'><strong>nou</strong></span> <span class='ocrx_word' id='word_1_355' title='bbox 997 4056 1107 4112; x_wconf 74' lang='lat' dir='ltr'><strong>Bmotie.</strong></span> <span class='ocrx_word' id='word_1_356' title='bbox 1139 4061 1206 4129; x_wconf 80' lang='lat' dir='ltr'><strong>Lege</strong></span> 
     </span>
     <span class='ocr_line' id='line_1_44' title="bbox 132 4127 1206 4192; baseline -0.007 -13"><span class='ocrx_word' id='word_1_357' title='bbox 132 4132 236 4179; x_wconf 87' lang='lat' dir='ltr'><strong>omnino</strong></span> <span class='ocrx_word' id='word_1_358' title='bbox 254 4133 374 4181; x_wconf 82' lang='lat' dir='ltr'><strong>usitatum</strong></span> <span class='ocrx_word' id='word_1_359' title='bbox 384 4132 496 4188; x_wconf 85' lang='lat' dir='ltr'><strong>verbum,</strong></span> <span class='ocrx_word' id='word_1_360' title='bbox 512 4141 558 4191; x_wconf 90' lang='lat' dir='ltr'><strong>pro</strong></span> <span class='ocrx_word' id='word_1_361' title='bbox 573 4131 654 4191; x_wconf 58' lang='lat' dir='ltr'><strong>rutilat</strong></span> <span class='ocrx_word' id='word_1_362' title='bbox 684 4139 743 4192; x_wconf 78' lang='lat' dir='ltr'><strong>ergo</strong></span> <span class='ocrx_word' id='word_1_363' title='bbox 755 4129 843 4178; x_wconf 76' lang='lat' dir='ltr'><strong>Oreum</strong></span> <span class='ocrx_word' id='word_1_364' title='bbox 853 4127 956 4176; x_wconf 73' lang='lat' dir='ltr'><strong>trusae.</strong></span> <span class='ocrx_word' id='word_1_365' title='bbox 989 4127 1075 4190; x_wconf 82' lang='lat' dir='ltr'><strong>Neque</strong></span> <span class='ocrx_word' id='word_1_366' title='bbox 1092 4129 1159 4180; x_wconf 86' lang='lat' dir='ltr'><strong>enlm</strong></span> <span class='ocrx_word' id='word_1_367' title='bbox 1170 4133 1206 4178; x_wconf 86' lang='lat' dir='ltr'><strong>vl.</strong></span> 
     </span>
     <span class='ocr_line' id='line_1_45' title="bbox 128 4193 1206 4256; baseline 0.001 -13"><span class='ocrx_word' id='word_1_368' title='bbox 128 4200 195 4247; x_wconf 72' lang='lat' dir='ltr'><strong>eant.</strong></span> <span class='ocrx_word' id='word_1_369' title='bbox 684 4195 749 4242; x_wconf 85' lang='lat' dir='ltr'><strong>tium</strong></span> <span class='ocrx_word' id='word_1_370' title='bbox 760 4201 797 4244; x_wconf 82' lang='lat' dir='ltr'><strong>eat</strong></span> <span class='ocrx_word' id='word_1_371' title='bbox 807 4195 833 4242; x_wconf 88' lang='lat' dir='ltr'><strong>in</strong></span> <span class='ocrx_word' id='word_1_372' title='bbox 848 4193 947 4242; x_wconf 87' lang='lat' dir='ltr'><strong>nomine</strong></span> <span class='ocrx_word' id='word_1_373' title='bbox 961 4193 1036 4249; x_wconf 81' lang='lat' dir='ltr'><strong>urbis,</strong></span> <span class='ocrx_word' id='word_1_374' title='bbox 1047 4205 1125 4256; x_wconf 87' lang='lat' dir='ltr'><strong>quum</strong></span> <span class='ocrx_word' id='word_1_375' title='bbox 1141 4195 1206 4244; x_wconf 75' lang='lat' dir='ltr'><strong>intre</strong></span> 
     </span>
     <span class='ocr_line' id='line_1_46' title="bbox 165 4258 1206 4326; baseline 0 -16"><span class='ocrx_word' id='word_1_376' title='bbox 165 4262 199 4310; x_wconf 80' lang='lat' dir='ltr'><strong>ts</strong></span> <span class='ocrx_word' id='word_1_377' title='bbox 216 4260 320 4325; x_wconf 75' lang='lat' dir='ltr'><strong>Cydam]</strong></span> <span class='ocrx_word' id='word_1_378' title='bbox 348 4258 388 4312; x_wconf 79' lang='lat' dir='ltr'><strong>sn</strong></span> <span class='ocrx_word' id='word_1_379' title='bbox 403 4263 530 4326; x_wconf 68' lang='lat' dir='ltr'><strong>Sigonius.</strong></span> <span class='ocrx_word' id='word_1_380' title='bbox 573 4261 654 4308; x_wconf 84' lang='lat' dir='ltr'><strong>Antea</strong></span> <span class='ocrx_word' id='word_1_381' title='bbox 685 4274 708 4310; x_wconf 87' lang='lat' dir='ltr'><strong>c.</strong></span> <span class='ocrx_word' id='word_1_382' title='bbox 729 4259 770 4308; x_wconf 82' lang='grc'><strong>30.</strong></span> <span class='ocrx_word' id='word_1_383' title='bbox 797 4259 915 4307; x_wconf 87' lang='lat' dir='ltr'><strong>Octavius</strong></span> <span class='ocrx_word' id='word_1_384' title='bbox 933 4265 1032 4320; x_wconf 76' lang='lat' dir='ltr'><strong>prator,</strong></span> <span class='ocrx_word' id='word_1_385' title='bbox 1052 4260 1095 4320; x_wconf 88' lang='lat' dir='ltr'><strong>qui</strong></span> <span class='ocrx_word' id='word_1_386' title='bbox 1112 4259 1206 4310; x_wconf 81' lang='lat' dir='ltr'><strong>Martio</strong></span> 
     </span>
     <span class='ocr_line' id='line_1_47' title="bbox 135 4323 1207 4392; baseline -0.001 -17"><span class='ocrx_word' id='word_1_387' title='bbox 135 4327 274 4390; x_wconf 67' lang='lat' dir='ltr'><strong>cyrum</strong></span> <span class='ocrx_word' id='word_1_388' title='bbox 685 4325 810 4384; x_wconf 66' lang='lat' dir='ltr'><strong>successu,</strong></span> <span class='ocrx_word' id='word_1_389' title='bbox 825 4325 920 4380; x_wconf 70' lang='lat' dir='ltr'><strong>ditatur</strong></span> <span class='ocrx_word' id='word_1_390' title='bbox 937 4327 985 4372; x_wconf 86' lang='lat' dir='ltr'><strong>isse</strong></span> <span class='ocrx_word' id='word_1_391' title='bbox 997 4323 1084 4392; x_wconf 63' lang='lat' dir='ltr'><strong>&amp;aum</strong></span> <span class='ocrx_word' id='word_1_392' title='bbox 1098 4325 1132 4374; x_wconf 76' lang='lat' dir='ltr'><strong>acl</strong></span> <span class='ocrx_word' id='word_1_393' title='bbox 1147 4326 1207 4374; x_wconf 78' lang='lat' dir='ltr'><strong>clas·</strong></span> 
     </span>
     <span class='ocr_line' id='line_1_48' title="bbox 165 4390 740 4459; baseline -0.002 -19"><span class='ocrx_word' id='word_1_394' title='bbox 165 4393 198 4440; x_wconf 80' lang='lat' dir='ltr'><strong>tt</strong></span> <span class='ocrx_word' id='word_1_395' title='bbox 216 4390 424 4459; x_wconf 76' lang='lat' dir='ltr'><strong>OrruraBoeotr‘oe]</strong></span> <span class='ocrx_word' id='word_1_396' title='bbox 441 4393 532 4442; x_wconf 82' lang='lat' dir='ltr'><strong>Oreum</strong></span> <span class='ocrx_word' id='word_1_397' title='bbox 548 4391 654 4441; x_wconf 82' lang='lat' dir='ltr'><strong>mbsest</strong></span> <span class='ocrx_word' id='word_1_398' title='bbox 685 4403 740 4439; x_wconf 75' lang='lat' dir='ltr'><strong>rear·</strong></span> 
     </span>
    </p>
   </div>
   <div class='ocr_carea' id='block_1_5' title="bbox 741 4463 801 4518">
    <p class='ocr_par' dir='ltr' id='par_1_22' title="bbox 741 4463 801 4518">
     <span class='ocr_line' id='line_1_49' title="bbox 741 4463 801 4518; baseline 0 0"><span class='ocrx_word' id='word_1_399' title='bbox 741 4463 801 4518; x_wconf 67' lang='lat' dir='ltr'><strong>RS</strong></span> 
     </span>
    </p>
   </div>
   <div class='ocr_carea' id='block_1_6' title="bbox 0 0 1566 4984">
    <p class='ocr_par' dir='ltr' id='par_1_23' title="bbox 0 0 1566 4984">
     <span class='ocr_line' id='line_1_50' title="bbox 0 0 1566 4984; baseline 0 0"><span class='ocrx_word' id='word_1_400' title='bbox 0 0 1566 4984; x_wconf 95' lang='lat' dir='ltr'><strong> </strong></span> 
     </span>
    </p>
   </div>
  </div>
 </body>
</html>
