3056 4976
289 216 348 278 'cxl
562 211 877 274 ·FRAGMENTUM
897 215 1012 276 iustu
1034 213 1115 276 xci.

298 403 408 472 uren,
422 405 461 460 ut
479 383 616 476 easque
635 391 760 478 integra
777 389 893 470 adhuc,
908 391 982 456 ”ab
998 391 1147 458 hostiani
1163 393 1260 458 tutori
1278 405 1402 480 posset,

297 491 342 561 et,
361 481 387 545 si
408 501 473 567 qua
494 478 622 542 occasio
642 476 748 551 detur,
765 479 911 542 incautos
933 499 992 564 per
1013 489 1139 566 tempus
1160 481 1402 568 adgressurum.

297 569 370 652 lpse
392 588 464 630 cum
487 585 546 628 suo
567 563 710 628 exercitu
732 563 952 629 ²⁷Hiberones
974 578 1006 630 et
1028 566 1223 632 Antalconcs
1244 569 1402 656 progredi

289 653 418 731 ‘statuit
434 675 453 718 a
467 650 584 738 quibus
598 650 769 736 ¹“gratiam
784 652 965 736 querebatur
979 650 1153 733 infamem:
1177 675 1252 720 curn
1266 653 1402 738 ²⁹nuper

295 751 537 828 oppugnaretur
556 735 583 776 ³⁰
596 730 819 801 Celtiberorum
840 737 937 802 urbes
949 735 1154 824 ¹imploratam
1177 739 1279 806 ”esse
1301 763 1399 827 opem

295 825 372 890 ”ab
418 825 560 902 Metello,
601 821 772 908 missosque
807 823 863 910 qui
899 822 1014 889 itinera
1049 825 1206 891 exercitui
1245 825 1400 893 Romano

287 923 520 977 monstrarent.
563 909 591 949 ³³
606 911 705 984 ercnr
723 909 888 992 perfidiam
910 913 1004 976 ultum
1027 913 1073 976 iri
1092 913 1214 978 nolebat
1235 913 1401 993 Sertorius,

294 1007 330 1063 ut
351 999 473 1084 insigni
492 998 628 1080 exemplo
648 1005 812 1060 ceterorum
830 995 929 1076 fidene
950 999 1102 1062 retineret.
1152 999 1231 1063 Ilios
1251 995 1317 1062 crem
1334 1021 1401 1084 pro

286 1085 415 1170 fiagitii
433 1085 592 1168 grauitate
612 1084 794 1158 mulctasset,
811 1084 909 1148 curiis
930 1084 1114 1148 distrahitur
1136 1086 1405 1172 mnis,'ombiguns

292 1187 424 1256 monam
447 1169 554 1233 bellum
575 1178 684 1245 vertat,
707 1179 807 1231 utrum
826 1167 920 1247 fides¹
932 1170 1083 1242 Romanis
1101 1171 1229 1253 populos
1251 1173 1400 1252 incurset,

292 1257 532 1322 maritimamne
552 1275 654 1331 oram,
670 1267 706 1318 ut
729 1250 914 1339 Pompeium
930 1255 971 1319 ab
985 1256 1012 1296 δ’
1023 1257 1201 1321 Ilercaonia
1214 1270 1248 1323 et
1268 1257 1401 1322 ³⁵'Con-

290 1342 429 1409 testania
443 1355 560 1418 maest,
577 1353 713 1425 utraque
727 1340 813 1405 socia
826 1353 933 1428 gente,
948 1364 989 1407 an
1004 1343 1045 1407 ad
1062 1342 1231 1408 Metellum
1247 1343 1401 1413 err-Lu-

289 1429 443 1495 sitaniam
459 1449 492 1491 se
507 1440 680 1492 convertat.

339 1514 429 1580 an
444 1513 686 1614 cennmugitans
695 1511 980 1598 Sertorius-preter
992 1513 1019 1557 ⁶⁷
1030 1513 1191 1580 Hiberum
1201 1537 1329 1581 amnem
1339 1539 1401 1602 per

288 1615 526 1690 pacatosagros
538 1611 680 1686 quietum
695 1599 869 1662 exercitum
879 1601 947 1666 sine
957 1600 1051 1666 ullius
1062 1621 1149 1667 noxa
1161 1601 1269 1669 duxit.
1285 1632 1290 1639 ·
1315 1603 1400 1669 Pro·

326 1899 357 1950 26
378 1897 416 1948 Ab
443 1899 515 1948 bortis
536 1899 561 1946 vi
583 1897 663 1948 tutari.
709 1895 826 1960 Supplevi
858 1911 924 1944 nunc
935 1897 1039 1956 dicimus
1055 1899 1079 1946 ie
1090 1901 1171 1960 partie
1182 1899 1319 1962 eccidmmle
1329 1897 1357 1948 dc
1373 1899 1400 1948 la

292 1977 349 2030 quoe
360 1966 499 2013 indicabant
509 1965 609 2024 reliques
619 1964 706 2012 literae.
849 1961 1084 2023 dedicarentur,
1099 1968 1122 2012 et
1140 1979 1186 2013 unc
1204 1965 1297 2027 grande
1313 1966 1399 2026 partie

325 2031 357 2079 at
373 2028 504 2077 Hibffoncr
518 2033 541 2076 ct
557 2027 704 2076 Autulconct.
727 2027 764 2076 tu
782 2038 825 2086 pn·
856 2025 1018 2089 dcl'tirngor.

292 2095 345 2156 puli
357 2095 481 2142 citerioris
492 2093 618 2154 Hispanias
625 2092 745 2140 veteribus
754 2094 829 2152 scrip-
893 2091 924 2140 81
942 2092 1001 2140 Erre
1015 2105 1089 2154 opem.
1121 2093 1152 2140 lu
1164 2093 1219 2142 MS.
1232 2108 1284 2150 ωας
1301 2100 1330 2141 ut
1340 2091 1400 2156 jam

293 2159 446 2206 toribusnon
456 2163 630 2205 memorantur.
663 2155 765 2203 Atcum
774 2155 829 2212 Με·ι
861 2157 921 2202 alias
938 2157 1033 2212 monui,
1044 2163 1089 2202 aut
1104 2157 1195 2205 librarii
1212 2159 1281 2216 vitio,
1296 2165 1341 2206 aut
1356 2161 1404 2208 de·

292 2223 351 2269 tello
369 2225 401 2270 ad
419 2221 552 2270 celtiberos
572 2221 681 2269 tendenti
695 2221 743 2266 iter
758 2233 830 2266 mon·
861 2221 919 2266 trita
929 2221 1056 2280 scriptura.

291 2288 432 2343 straverint,
443 2287 602 2334 manifestum
613 2292 697 2332 mess
705 2285 826 2332 habitasse
891 2284 924 2332 32
940 2284 978 2332 Ab
993 2283 1098 2332 Mento.
1138 2286 1168 2334 ld
1191 2287 1326 2334 necessarie
1347 2287 1399 2334 tuit

291 2351 436 2414 incaparta
456 2350 590 2412 Hispania,
602 2363 677 2411 quam
689 2363 754 2396 nunc
765 2349 826 2396 dici-
859 2349 1030 2408 supplendum.
1058 2349 1178 2398 Metellus
1193 2350 1259 2398 enim
1276 2351 1399 2400 Occiden-

290 2429 348 2476 mus
358 2417 381 2462 ln
394 2418 475 2478 partic
485 2414 596 2463 orientale
606 2413 633 2462 de
645 2415 668 2460 ln
681 2413 779 2462 Cartilir
790 2415 826 2459 ui·
859 2413 933 2460 tatem
947 2411 1073 2474 Hispaniae
1083 2421 1178 2474 partem
1189 2416 1295 2462 tenebat·
1321 2413 1399 2462 Pom·

289 2479 350 2536 erte,
367 2485 391 2528 ct
403 2483 482 2541 partie
498 2477 600 2526 d'Aleun
616 2481 639 2525 ct
658 2477 685 2526 de
704 2477 824 2525 Nauem.
858 2478 928 2537 peius
945 2484 1027 2524 autem
1049 2477 1207 2526 orientalem.
1241 2477 1312 2526 Unde
1332 2493 1399 2527 unus

290 2544 324 2590 Et
335 2552 364 2592 nt
382 2546 479 2593 videtur
489 2557 520 2592 ex
530 2543 671 2590 nominibus
689 2542 826 2589 Hiberones
859 2541 975 2589 Metellus
997 2543 1127 2602 implorare
1146 2557 1219 2604 opem
1238 2549 1344 2604 poterat,
1367 2553 1398 2592 ut

289 2609 384 2656 Hibero
406 2609 503 2658 flumini
524 2608 656 2668 propiores,
677 2606 826 2654 Autalconea
858 2605 1140 2655 subveniretCeltiberis.

289 2673 425 2737 Celtiberis.
467 2671 559 2733 Opinor
582 2667 682 2717 Livium
704 2670 827 2730 scripsisse
890 2669 924 2718 33
941 2669 1017 2724 Quum
1040 2663 1164 2732 perfidiam
1190 2671 1267 2718 tritum
1292 2673 1355 2736 ire..
1368 2705 1397 2720 ..

288 2735 321 2782 ad
340 2736 471 2785 Hiberam
498 2738 521 2783 et
548 2734 686 2782 Autricones
706 2731 826 2795 progredi
853 2735 951 2794 populor
972 2735 1081 2784 incurret.
1113 2736 1222 2798 Magnus
1240 2735 1281 2784 hic
1300 2739 1333 2784 ob
1354 2754 1400 2788 ex.

288 2799 331 2855 Ad
345 2801 463 2860 exciderit
478 2804 521 2848 aut
538 2798 598 2845 vitio
613 2798 713 2854 librarii,
725 2805 769 2844 aut
782 2812 825 2844 ex·
858 2797 942 2846 tritam
954 2797 1100 2864 scripturam
1114 2801 1206 2859 hiatus,
1217 2814 1292 2861 quem
1306 2815 1400 2850 conve·

290 2865 348 2910 trita
360 2865 487 2924 scriptura.
514 2861 596 2908 immo
607 2862 716 2921 suspicor
727 2875 776 2909 non
786 2862 826 2908 iu·
858 2861 953 2910 nienter
963 2863 1017 2910 loco
1027 2869 1052 2910 et
1067 2865 1171 2926 tempori
1186 2865 1323 2925 explevisse
1334 2868 1399 2916 milri

289 2927 337 2974 isse
348 2928 467 2988 scriptum
476 2927 666 2982 Httereneased
678 2925 826 2989 adBcroner.
858 2926 949 2976 videor.
1123 2985 1126 2991 Ι
1201 2985 1205 2992 ¹
1235 2923 1238 2930 ’

290 2991 320 3046 ln
336 2992 432 3038 extritis
448 2994 516 3039 enim
532 2989 608 3036 literis
624 2990 675 3036 falli
692 2991 773 3050 potuit
789 2991 824 3037 Cl.
891 2990 924 3038 34
939 2992 1079 3040 llercaonia.
1111 2993 1254 3049 Ilercaonia,
1267 3007 1312 3041 seu
1328 2997 1398 3057 regia

289 3057 379 3102 Bruns.
416 3055 503 3104 Manet
524 3055 587 3102 forte
610 3055 697 3102 veteris
719 3056 826 3102 nominis
859 3054 1022 3111 llercaonum,
1042 3062 1103 3112 mat,
1123 3067 1152 3104 ut
1166 3055 1221 3120 jam
1238 3058 1300 3118 dixi,
1320 3073 1398 3121 prope

289 3121 409 3178 memoria
424 3121 451 3168 in
469 3119 557 3180 oppido
574 3120 640 3179 quod
657 3132 721 3166 nune
738 3121 827 3166 dicitur
858 3121 921 3166 ostia
937 3119 1045 3167 fluminis
1062 3113 1149 3177 liebri,
1165 3121 1263 3174 l'Ebrnr
1285 3130 1311 3170 et
1327 3138 1399 3173 oram

288 3184 399 3244 diriores,
410 3191 435 3232 et
448 3185 540 3233 Hibero
551 3183 648 3230 flumini
659 3183 768 3230 vicinum
778 3189 826 3244 est,
858 3185 1008 3230 maritimam
1017 3179 1159 3245 Hispania,
1167 3185 1293 3250 Orientem
1301 3201 1398 3244 remus,

289 3261 363 3308 supra
373 3243 489 3310 lngror'ic.
854 3247 988 3303 obtinebat,
1006 3249 1048 3295 ubi
1069 3263 1135 3296 nunc
1151 3251 1173 3298 la
1187 3251 1268 3312 portic
1284 3249 1399 3302 nitidiu-

293 3365 295 3370 ,
321 3311 353 3360 28
371 3311 479 3360 Graiium
490 3311 624 3374 querebatur
637 3311 757 3375 infirment.
792 3313 823 3361 ld
854 3313 908 3358 nale
918 3311 945 3358 de
956 3313 981 3376 ln
994 3307 1123 3374 Catalepta
1137 3319 1160 3362 et
1174 3317 1199 3361 tn
1210 3316 1291 3376 partic
1305 3322 1397 3378 sepicu-

288 3382 313 3422 et
321 3377 374 3424 loco
385 3383 410 3424 et
418 3378 506 3425 veteris
514 3377 640 3437 scripturas
649 3377 757 3437 vestigiis
765 3391 823 3426 con·
855 3376 954 3424 incaute
964 3375 996 3422 du
1009 3375 1130 3438 Ropaunre
1140 3377 1167 3426 de
1182 3377 1287 3428 Vnicum.

279 3441 371 3488 -venire
391 3442 453 3489 mihi
473 3443 577 3492 videtur·
610 3441 658 3487 Pro
677 3433 822 3502 querebatur,
864 3435 868 3448 ¹
887 3439 920 3488 35
949 3435 1105 3490 contestanti.
1150 3443 1318 3500 Contestania,
1351 3460 1398 3496 seu

288 3505 309 3562 si
326 3507 382 3566 quis
397 3507 478 3564 malit,
496 3505 632 3568 reposcebat,
651 3507 718 3554 haud
734 3520 824 3568 repng·
855 3503 1059 3570 Contestanorum
1070 3506 1147 3568 regio,
1158 3514 1210 3556 erat
1226 3507 1293 3554 inira
1305 3509 1399 3560 Ilerca-

288 3572 360 3619 nabo.
855 3569 953 3625 oniamr
971 3573 996 3614 et
1007 3583 1075 3618 oram
1088 3573 1239 3620 maritimam
1255 3571 1397 3632 Hispaniae,

320 3635 352 3682 29
369 3633 457 3696 Nuper
473 3641 675 3696 oppugnarentur.
708 3634 824 3695 supplevi
856 3633 980 3680 Orientem
1001 3647 1085 3684 versus
1103 3637 1246 3699 occupabat,
1267 3638 1311 3684 ubi
1330 3653 1398 3688 nunc

212 3737 214 3752 ,
287 3712 378 3760 nuper,-
396 3701 461 3759 quod
471 3713 528 3746 eum
540 3698 641 3747 historia
652 3700 779 3746 consentit.
855 3697 879 3742 le
893 3698 949 3756 plur
964 3697 1057 3758 grande
1073 3701 1154 3759 partie
1172 3699 1204 3747 du
1223 3699 1348 3762 Reycunrc
1369 3704 1398 3752 de

319 3763 353 3810 30
370 3762 536 3810 Celtiberorum
547 3762 620 3810 urbes.
655 3760 712 3810 Non
727 3763 824 3828 difficile
861 3761 997 3820 Veternensi
1008 3762 1265 3826 particrluiieynumc
1279 3764 1397 3824 chur-

286 3829 335 3878 tuit
346 3827 562 3888 supplementum,
574 3841 632 3873 curn
646 3827 755 3874 maxima
766 3839 824 3889 pars
856 3825 897 3884 cie.

287 3892 313 3940 in
330 3887 412 3938 codice
430 3891 486 3939 MS.
501 3897 614 3936 exstaret.
648 3890 762 3936 Celtiberi
779 3904 823 3937 au·
889 3889 921 3936 86
949 3889 1108 3940 Lusitaniam.
1149 3891 1280 3952 Perpetem
1302 3903 1349 3942 aut
1368 3897 1399 3943 li-

287 3947 349 4012 t'em,
357 3954 441 4010 Celtis,
449 3967 492 4001 sen
503 3953 588 4009 Gallis,
598 3961 623 4000 et
632 3952 730 4000 Hiberis
741 3955 822 4009 mixti,
857 3954 950 4000 brarius
973 3955 1080 4015 scripsit,
1102 3962 1146 4004 aut
1172 3956 1208 4002 ci.
1232 3957 1315 4004 Bruns
1334 3961 1397 4022 legit

286 4022 352 4068 unde
369 4019 398 4064 iis
415 4031 516 4073 nomen,
528 4017 637 4078 illudque
653 4017 719 4077 apud
736 4018 824 4080 Hispa·
856 4015 1018 4066 Rurituniurn.
1057 4019 1130 4067 Certo
1151 4021 1241 4068 certius
1260 4023 1396 4082 legendum

287 4098 331 4130 nos
351 4083 471 4130 bellorum
491 4081 578 4128 studiis
598 4075 825 4131 celebratissimum.¹
857 4081 1018 4142 Lusitaniam,
1028 4080 1099 4145 cujus
1115 4098 1171 4145 pars
1187 4087 1395 4146 magnanunclc

286 4147 432 4208 Laudamur
443 4159 457 4190 a
469 4144 527 4193 Silio
539 4145 624 4194 Italico
636 4145 685 4192 lll.
696 4145 752 4192 340.
856 4145 980 4208 Portuget.

324 4213 411 4258 Venere
422 4213 445 4256 ct
455 4207 527 4256 Culter
537 4210 617 4256 rodeti
626 4223 706 4256 nornen
715 4209 823 4260 Hiberis.
888 4210 920 4258 37
936 4209 1056 4258 Hiberum
1066 4225 1164 4258 emnem.
1182 4213 1221 4261 De
1234 4213 1332 4264 Hibero
1341 4231 1395 4266 am·

320 4274 370 4321 Hir
377 4288 461 4335 pugne
472 4273 579 4320 cecidisse
589 4273 663 4320 decus.
856 4289 886 4321 ne
894 4271 948 4336 jam
959 4276 1054 4323 dictum
1065 4288 1129 4338 saepe
1140 4290 1220 4340 supra.

287 4340 350 4386 Eam
367 4339 494 4400 Hispanias
516 4345 608 4398 partem
627 4336 732 4392 tenuere,
749 4353 823 4399 quam
