3120 4984
333 145 394 240 'eo
740 173 1015 234 r1r1L1v11
1106 241 1108 246 ,
1185 143 1188 149 ’

194 355 335 412 namn
356 367 434 432 pore
457 334 663 428 Apolloniam
688 340 721 404 iu
747 338 881 424 Epirum
907 337 1193 424 trajicerenturad
1219 335 1420 424 occupandae

193 430 224 478 Α·
236 429 265 477 ⁰·
278 427 332 478 ¹⁷²·
358 430 530 496 maritimas
546 427 648 504 urbes,
664 425 719 490 ubi
736 424 856 502 consul,
872 425 923 488 cui
938 424 1101 508 provincia
1117 423 1310 490 Macedonia
1325 424 1420 492 obve·

272 585 275 593 ,
321 591 323 598 ,
359 519 463 594 nisset,
479 515 608 580 classem
623 511 780 596 adpellere
795 523 921 587 tuto,*et
936 510 1044 594 copias
1088 532 1122 574 er
1143 511 1346 576 commodum
1361 533 1422 579 ax·

195 595 319 666 numeres
359 625 477 689 ponere
492 613 605 688 posset.
640 596 1019 684 Eumenes,aliquamdiu
1036 531 1167 684 Pdginae
1182 608 1321 662 retentus
1334 598 1421 682 peri-

195 681 328 730 reditl’er·
359 691 469 756 culosa
481 702 513 753 et
527 685 647 752 difficili
662 684 834 760 curatione,
850 705 948 769 quum
969 682 1108 768 primum
1128 695 1198 748 tuto
1212 685 1329 768 potuit,
1344 705 1421 768 pro-

196 759 304 808 amum
359 777 458 842 fectus
486 775 690 858 Pergamum,
716 782 833 854 prater
857 768 1028 856 pristinum
1050 769 1160 844 odium
1182 771 1298 835 recenti
1324 770 1420 835 etiam

359 863 474 929 scelere
498 853 605 925 Persei
626 856 816 932 stimulante,
832 877 954 920 summa
976 855 1007 918 vi
1028 855 1162 940 parabat
1183 855 1311 922 bellum.
1357 857 1421 924 Le·
1499 908 1506 922 .

359 950 426 1038 gati
440 971 478 1012 eo
492 947 533 1012 ab
549 946 664 1020 Roma,
679 941 872 1032 gratulantes
894 941 981 1028 quod
1002 964 1020 1005 e
1041 953 1129 1006 tauto
1150 937 1292 1028 periculo
1307 945 1421 1010 evasis·

360 1049 416 1114 eet,
433 1031 602 1100 venerunt.¹
641 1030 751 1107 Quum
767 1027 1014 1093 Macedonicum
1034 1027 1153 1092 bellum
1176 1029 1210 1092 in
1230 1051 1348 1095 aunum
1371 1029 1421 1094 di·

359 1123 460 1187 latum
476 1133 565 1196 esset,
581 1117 691 1182 ceteris
714 1115 904 1198 praetoribus
920 1115 986 1199 jam
1010 1115 1042 1177 iu
1064 1115 1240 1198 provincias
1261 1115 1420 1202 profectis,

362 1207 413 1274 M·
434 1205 550 1274 lunius
572 1216 605 1269 et
626 1205 682 1288 Sp.
707 1201 885 1276 Lucretius,
910 1199 1024 1286 quibus
1051 1199 1218 1286 Hispauiae
1248 1204 1420 1290 provinciae

361 1293 566 1369 obvenerant,
593 1290 723 1378 fatigato
752 1309 836 1372 saepe
863 1286 948 1351 idem
977 1287 1114 1370 petendo
1141 1301 1261 1366 senatu,
1292 1282 1422 1356 tandem

360 1381 571 1467 pervicerunt,
596 1388 633 1441 ut
657 1373 911 1460 supplementum
939 1371 998 1436 sibi
1023 1373 1064 1437 ad
1090 1374 1263 1440 exercitum
1291 1375 1422 1442 daretur

361 1468 423 1532 tria
448 1465 546 1529 millia
571 1461 724 1548 peditum,
746 1455 908 1524 ⁶⁷ceutuin
934 1471 965 1522 ct
991 1460 1220 1546 quinquaginta
1243 1463 1363 1548 equites
1386 1463 1421 1526 iu

363 1554 527 1618 Romanas
549 1549 704 1636 legiones:
734 1545 767 1610 in
789 1545 936 1610 socialem
958 1546 1132 1612 exercitum
1161 1549 1423 1634 quinquemillia

362 1639 519 1723 peditum,
532 1635 559 1676 ⁵⁸
568 1647 600 1700 et
613 1645 769 1698 trecentos
783 1632 913 1718 equites,
928 1631 1085 1716 imperare
1100 1632 1191 1698 sociis
1207 1635 1298 1719 jussi.
1343 1636 1422 1702 Hoc

362 1726 524 1810 copiarum
539 1723 572 1786 in
588 1719 763 1805 Hispanias
778 1740 851 1783 cum
867 1720 1057 1803 praetoribus
1071 1719 1160 1783 novis
1174 1733 1334 1804 portatum
1350 1736 1418 1787 est„

407 1810 507 1875 XIX.
531 1807 653 1873 Eodem
682 1827 778 1883 anno,
806 1805 881 1891 quia
905 1826 962 1890 per
990 1805 1238 1890 recognitionem
1265 1807 1424 1874 Postumii

362 1897 500 1962 consulis
520 1917 635 1982 magna
657 1914 729 1978 pars
751 1892 820 1977 agri
843 1891 1011 1976 Campani,
1027 1913 1119 1978 quem
1143 1894 1256 1976 privati
1276 1896 1345 1959 siue
1359 1896 1424 1962 dis-

270 2009 275 2017 ’
362 1983 493 2048 crimine
520 1982 638 2066 passim
660 1977 875 2064 possederant,
898 1991 1083 2063 recuperata
1104 1977 1138 2041 in
1159 1978 1322 2063 publicum
1344 1996 1423 2060 erat,

362 2067 415 2134 M.
431 2069 597 2136 Lucretius
611 2064 758 2131 tribunus
776 2062 881 2150 plebis
901 2063 1125 2150 promulgavit,
1142 2077 1179 2130 ut
1198 2088 1308 2153 agrurn
1327 2069 1423 2136 Cam·

362 2177 482 2242 panum
497 2174 641 2220 censores
655 2148 822 2217 fruendum
844 2149 1000 2216 locarent:
1024 2150 1110 2237 quod
1130 2150 1250 2218 factum
1270 2165 1318 2218 tot
1331 2156 1424 2221 aunis

362 2253 435 2328 post
457 2255 582 2328 captam
605 2241 753 2324 Capuam
771 2258 838 2300 non
858 2236 970 2313 iuerat,
988 2235 1059 2301 ⁵⁹ut
1077 2237 1110 2300 in
1132 2260 1232 2302 vacuo
1254 2257 1425 2326 vagaretur

362 2351 402 2394 cu
425 2329 518 2394 iditas
532 2328 739 2413 privatorum.
774 2324 882 2401 Quum
898 2323 932 2386 in
947 2323 1179 2408 exspectatione
1192 2339 1318 2392 senatus
1331 2342 1425 2412 esset,

362 2352 447 2482 belo
461 2415 519 2481 etsi
532 2436 598 2478 non
612 2412 743 2489 indicto,
759 2422 865 2475 tamen
881 2411 949 2496 jam
970 2408 1109 2485 decreto,
1125 2412 1179 2497 qui
1193 2434 1303 2499 regum
1320 2438 1423 2494 suam,

365 2501 472 2567 Persei
500 2502 555 2587 qui
584 2498 722 2564 secuturi
747 2495 918 2562 amicitiam
943 2508 1056 2576 essent,
1078 2496 1209 2584 ⁶⁰legati
1233 2500 1424 2586 Ariarathis,

363 2609 496 2674 puerum
519 2586 620 2652 lilium
643 2587 725 2671 regis
747 2605 851 2648 secum
875 2581 1077 2660 adducentes,
1100 2584 1235 2650 Romam
1258 2602 1423 2654 venerunt.

364 2695 500 2760 qnorum
515 2672 616 2737 oratio
629 2670 698 2747 fnit,
714 2691 817 2754 regem
831 2671 1019 2732 educandum
1032 2669 1136 2748 filium
1151 2670 1282 2736 &mum
1295 2674 1424 2754 misisse,

363 2758 473 2844 etjam
482 2761 551 2824 inde
562 2780 582 2822 a
592 2778 685 2840 puero
696 2757 884 2820 adsuesceret
894 2755 1025 2820 arcubus
1035 2755 1183 2822 Romanis
1192 2759 1425 2846 ligaminibusque.

365 2849 483 2923 Petere,
498 2856 532 2910 ut
546 2867 613 2908 eum
634 2864 695 2906 nors
715 2843 770 2906 aab
791 2841 939 2926 hospitum
959 2843 1046 2906 modo
1061 2846 1256 2925 privatorum
1274 2851 1423 2926 molodia,

363 2934 418 2997 aed
429 2931 552 3015 publica
566 2932 658 2995 etiam
672 2949 754 2992 arrae
766 2949 804 2992 ac
817 2928 894 2992 uelut
914 2927 1012 2991 tulela
1032 2929 1140 2994 uellent
1162 2950 1232 2996 esre.
1258 2925 1262 2934 ’
1277 2931 1327 2998 Ea
1340 2925 1423 3020 regis

364 3018 482 3106 legatio
506 3029 598 3105 grata
619 3013 741 3080 senatui
764 3012 836 3078 fuit.
879 3013 1111 3094 Decrevemut,
1136 3027 1173 3080 ut
1199 3015 1260 3082 Cn.
1287 3018 1424 3086 Sicinius

364 3119 485 3189 proetor
499 3103 584 3169 oedes
597 3104 764 3171 instructas
777 3100 908 3180 locaret,
922 3099 1010 3164 “lubi
1034 3100 1118 3166 filius
1132 3101 1215 3188 regis
1232 3105 1424 3193 comitesque

364 3193 431 3280 ejus
444 3190 588 3258 habitare
601 3201 739 3274 possent.
782 3187 826 3253 Et
840 3186 1003 3252 Thracum
1019 3185 1141 3275 legatis,
1157 3189 1241 3274 apud
1256 3214 1290 3276 se
1302 3191 1425 3278 discep-¹

364 3277 517 3360 tentibus,
539 3289 570 3342 et
591 3275 772 3342 societatem
794 3273 1026 3360 amicitiamque
1053 3273 1243 3360 petentibus,
1269 3291 1312 3359 et,
1337 3279 1426 3364 quod

363 3363 650 3449 petebant,.datum
673 3373 728 3440 est,
744 3373 776 3426 et
790 3358 1080 3426 munera⁶²bindm
1102 3361 1237 3431 millium
1251 3365 1324 3430 aeris
1338 3388 1426 3432 surn-

379 3495 381 3502 “
398 3500 430 3549 at
448 3501 546 3574 Centum
560 3504 583 3547 et
598 3475 767 3576 quinquaginta
778 3495 877 3559 equites]
910 3496 953 3544 diu
969 3496 1060 3574 sterili·
1078 3509 1133 3558 quoe
1150 3505 1233 3559 postea
1250 3489 1327 3560 quum
1344 3489 1424 3548 lilium

365 3563 828 3687 Viiul‘lir’diddiiiffli'iim
844 3639 880 3671 00.
910 3567 1424 3692 {utititttttailtatilt

365 3696 409 3744 eta
421 3694 496 3758 jari]
519 3694 586 3741 Hinc
605 3691 748 3740 sustulimus
763 3690 878 3738 manifes-
911 3691 1003 3738 haredi
1014 3691 1137 3752 negotium
1148 3694 1207 3739 olim
1218 3693 1354 3749 fremescet,
1365 3708 1424 3741 eum

365 3765 420 3806 tmn
441 3758 612 3810 soloecisruum,
630 3755 672 3815 qui
688 3755 814 3814 pleresque
831 3767 877 3800 nu·
910 3756 992 3814 procul
1025 3757 1056 3802 ab
1089 3755 1238 3816 Cappadocia
1268 3751 1423 3806 amandabatss

363 3835 477 3884 perarma
487 3821 622 3868 editionum
632 3820 762 3873 inodaret,
774 3820 876 3865 trecenti.
911 3818 972 3866 Hac
986 3821 1050 3866 inira
1067 3830 1164 3868 nancta
1178 3822 1258 3869 fusius
1273 3823 1425 3883 reperientur

397 3888 430 3936 69
441 3886 455 3913 “
471 3886 540 3934 Utin
553 3883 636 3948 mauu]
660 3884 699 3930 ita
714 3888 743 3929 ut
758 3881 877 3944 cupiditas
908 3883 1043 3932 1.1Lv11.
1054 3898 1075 3932 c.
1088 3884 1126 3932 14.
1138 3898 1169 3932 ex
1180 3885 1309 3936 Diodoril.
1319 3886 1426 3950 xxxi,

364 3950 603 4014 privatorum,nullo
618 3949 739 3995 retardata
749 3947 826 4003 freno,
838 3947 877 3992 iu·
909 3949 1059 4010 deprompta.
1233 3981 1235 3988 .
1408 3983 1411 3988 .

364 4017 462 4064 vaderet
479 4027 549 4075 agros
565 4025 654 4060 saeuos
670 4017 695 4058 et
711 4011 774 4057 ouili
791 4013 877 4058 colono
942 4011 972 4059 ol
993 4013 1054 4077 Uli]
1064 4014 1219 4076 Hicquoque
1229 4021 1425 4076 peccantrecerr-

365 4080 502 4127 attributae.
909 4077 983 4126 riom
1004 4079 1072 4136 editi,
1096 4079 1234 4142 habentque
1261 4084 1289 4126 ut
1308 4093 1353 4140 pro
1374 4081 1423 4138 adi,

396 4144 431 4191 60
455 4142 543 4204 lagois·
563 4141 710 4199 Ariarathis,
725 4153 827 4201 pueram
841 4141 876 4200 st·
909 4143 1293 4206 quodexstatiuautiquioribua

363 4207 423 4254 uma
448 4207 511 4269 regis
536 4217 612 4254 naam
638 4201 786 4268 mamm]
825 4205 877 4256 ,Hic
941 4207 973 4254 62
988 4206 1081 4256 Binum
1090 4207 1266 4274 mtuteaoeru]
1281 4208 1425 4260 Marsorum

362 4285 424 4331 pum
442 4284 491 4317 nan
510 4277 562 4318 erat
582 4272 703 4331 gencium
723 4270 786 4330 regia
806 4265 877 4324 fliiur,
909 4271 1003 4332 argenti
1015 4269 1214 4322 remansae
1227 4273 1248 4322 l.

363 4336 406 4382 uri
416 4336 452 4383 iiii
468 4335 580 4384 nuditus
593 4336 625 4394 etr
634 4333 780 4388 Antiochida
790 4347 878 4392 uxore,
