3056 4976
508 455 566 558 T.
616 456 817 559 LIVII
866 437 1213 563 PATllVlN
1230 460 1254 565 Ι

675 703 881 788 uranu
918 705 1056 787 xuu.

775 941 968 984 -ο-

176 1135 208 1183 v.
221 1138 312 1188 cata.
339 1099 387 1183 L.
407 1065 683 1186 POSTUMIUS
698 1118 840 1196 Albinus,
858 1117 909 1184 M.
922 1117 1075 1202 Popillius
1087 1121 1199 1184 Loenas
1214 1140 1313 1205 quom
1328 1141 1400 1184 om-

176 1201 207 1248 A·
219 1203 247 1248 α
259 1208 313 1253 ¹⁷⁸·
337 1203 425 1268 nium
449 1206 584 1290 primum
601 1208 639 1272 de
663 1206 832 1290 provinciis
853 1205 1106 1291 exercitibusque
1120 1205 1159 1270 ad
1179 1219 1323 1272 senatum
1345 1228 1398 1270 re-

175 1265 328 1380 ss'ffiufio,
336 1289 489 1369 tulissent,
517 1291 649 1381 Ligures
679 1292 804 1378 utrique
831 1291 949 1356 decreti
977 1303 1068 1356 sunt:
1097 1305 1133 1356 ut
1162 1313 1259 1356 novas
1287 1292 1396 1368 ambo,

175 1362 319 1456 prudens..
361 1377 450 1442 uibus
470 1399 538 1442 eam
564 1378 757 1462 provinciam
779 1377 969 1452 obtinerent,
986 1377 1133 1464 legiones,
1150 1377 1247 1462 (bime
1263 1377 1397 1465 singulis

174 1460 310 1514 emersere.
335 1399 484 1545 decretae)
500 1477 532 1528 et
553 1463 671 1528 socirim
687 1463 794 1528 Latini
818 1463 953 1527 nominis
974 1463 1057 1528 dena
1077 1463 1176 1528 millia
1198 1463 1339 1548 peditum
1363 1479 1398 1528 ct

335 1565 509 1614 sescenos·
529 1552 660 1636 equites,
682 1563 714 1614 et
739 1552 990 1634 supplementum
1016 1549 1185 1635 Hispaniae
1208 1552 1269 1616 tria
1294 1549 1398 1615 millia

334 1635 476 1718 peditum
494 1636 712 1702 Romanorum
738 1635 917 1710 scriberent,
933 1649 965 1700 et
986 1635 1138 1700 ducentos
1162 1633 1294 1722 equites.
1338 1637 1396 1702 Ad

334 1719 396 1786 boe
411 1721 497 1786 mille
511 1736 543 1786 ct
557 1722 721 1808 quingenti
742 1721 862 1807 pedites
878 1722 1016 1786 Romani
1039 1743 1112 1786 cum
1132 1736 1258 1787 centum
1278 1723 1395 1808 equiti-

333 1807 392 1872 bus
406 1809 500 1872 scribi
513 1809 609 1894 jussi;
632 1830 704 1872 cum
719 1809 833 1894 quibus
848 1821 976 1892 praetor,
992 1809 1043 1872 cui
1060 1809 1206 1874 Sardinia
1220 1809 1396 1893 obtigisset,

333 1893 365 1956 ln
389 1895 551 1959 Corsicam
574 1909 785 1981 transgressus
812 1893 928 1958 bellum
950 1908 1089 1982 gereretr
1112 1895 1238 1960 interim
1255 1893 1303 1960 M.
1321 1895 1395 1963 Ati-

332 1979 402 2058 lius,
419 1993 507 2045 vetus
529 1994 659 2064 praetor,
674 1980 867 2066 provinciam
890 1981 1048 2046 obtineret
1071 1981 1262 2046 Sardiniam.
1307 1981 1394 2059 Prae-

332 2077 417 2130 tores
431 2066 548 2141 deinde
568 2067 746 2152 provincias
760 2067 862 2130 sortiti
883 2079 965 2143 sunt,
982 2069 1022 2132 Α.
1037 2067 1155 2133 Atilius
1169 2068 1323 2132 Serranus
1338 2089 1396 2132 ur·

331 2151 456 2230 barram,
486 2153 522 2217 C.
541 2152 674 2218 Cluvius
701 2152 820 2218 Saxula
847 2153 931 2218 inter
959 2151 1042 2216 cives
1070 2166 1101 2216 et
1126 2155 1318 2240 peregrinos,
1345 2153 1392 2218 N.

332 2236 449 2304 Fabius
472 2239 573 2304 Buteo
597 2240 782 2325 Hispaniam
804 2239 992 2317 citeriorem,
1010 2237 1059 2304 M.
1076 2237 1239 2304 Matienus
1261 2239 1395 2303 ulterio-

329 2325 409 2405 rem,
427 2325 476 2389 M.
494 2325 607 2390 Furius
623 2326 782 2411 Crassipes
797 2325 947 2402 Siciliam,
965 2326 1001 2388 C.
1017 2325 1174 2390 Cicereius
1196 2325 1389 2392 Sardiniam.

270 2455 272 2463 .
330 2410 519 2498 Priusquam
542 2412 741 2498 magistratus
765 2411 1046 2496 proficiscerentur,
1063 2412 1185 2476 senatui
1207 2411 1334 2496 placuit,
1350 2413 1390 2476 L.

330 2497 524 2563 Postumium
540 2498 701 2564 consulem
716 2497 756 2563 ad
779 2521 890 2586 agrum
912 2495 1075 2582 publicum
1099 2521 1119 2562 a
1139 2497 1262 2582 privato
1280 2499 1391 2563 termi-

266 2635 270 2642 .
327 2584 469 2649 nandum
485 2585 518 2647 in
535 2584 822 2672 Campaniam-ire3
845 2585 933 2670 cujus
955 2585 1113 2670 ingentem
1130 2583 1266 2648 'modum
1289 2586 1391 2668 possi-

327 2667 402 2733 dere
423 2671 572 2754 privatos,
593 2669 756 2754 paullatim
779 2668 968 2753 proferendo
991 2671 1077 2746 lines,
1093 2669 1265 2734 constabat.
1311 2669 1389 2748 llic,

327 2753 426 2819 iratus
443 2755 655 2832 Praenestinis,
672 2756 770 2838 quod,
785 2777 859 2820 cum
879 2777 917 2820 eo
936 2756 1078 2840 privatus
1092 2756 1237 2820 sacrificii
1253 2755 1284 2819 in
1307 2769 1390 2820 tem-

326 2839 381 2925 plo
396 2841 548 2906 Fortunae
567 2840 705 2906 faciundi
722 2863 833 2906 caussa
854 2841 1012 2926 profectus
1034 2853 1122 2918 esset,
1138 2839 1219 2906 nihil
1234 2842 1265 2906 in
1281 2864 1313 2906 sc
1329 2842 1389 2906 bo-

327 2926 466 3006 norifice,
481 2949 584 3013 neque
604 2928 741 3014 publice,
762 2949 864 3014 neque
891 2929 1046 3012 privatim,
1063 2927 1179 2992 iactum
1202 2952 1220 2992 a
1244 2927 1390 2994 Praenes-

325 3013 398 3078 tinis
413 3026 501 3091 esset,
517 3015 697 3100 priusquam
714 3014 755 3078 'ab
772 3015 876 3079 Roma
897 3013 1158 3099 proficisceretur,
1175 3013 1282 3080 literas
1298 3013 1389 3078 Prae-

243 3111 245 3117 ’
325 3113 413 3164 neate
434 3100 530 3181 misit,
546 3113 581 3166 ut
595 3100 654 3164 sibi
676 3101 879 3187 magistratus
901 3099 1024 3166 obviam
1047 3102 1160 3177 exiret,
1175 3099 1390 3185 locum-pub-

231 3243 237 3253 .
325 3185 385 3250 lice
400 3201 535 3270 pararet,
551 3187 603 3251 ubi
618 3187 834 3264 diverteretur,
845 3189 1062 3273 jumentaque,
1075 3208 1173 3272 quum
1189 3187 1287 3253 exiret
1302 3185 1390 3288 inde,

164 3285 442 3430 inbuti?
451 3287 588 3424 tili.
610 3271 1390 3444 Milititltlltl’titillanti?

128 3529 130 3534 Ι
162 3431 301 3532 mm*
325 3445 562 3531 bernaculisque
577 3461 608 3510 et
622 3447 710 3509 omni
730 3446 793 3510 alio
807 3447 1018 3510 instrumento
1036 3445 1164 3510 militari
1179 3445 1387 3523 ornabantur,

323 3553 364 3596 ne
385 3532 464 3618 quid
484 3531 546 3596 tale
568 3534 760 3616 imperarent
781 3533 882 3596 sociis.
904 3533 1028 3618 privata
1048 3531 1185 3618 hospitia
1205 3531 1387 3609 habebantr

322 3641 360 3682 ea
381 3618 518 3706 benigne
539 3617 732 3705 comiterque
753 3619 917 3682 colebant:
941 3617 1116 3703 domusque
1135 3621 1246 3683 eorum
1271 3617 1388 3682 Romae

323 3704 499 3789 hospitibus
535 3704 692 3787 patebant,
723 3704 806 3789 ap'ud
837 3727 917 3791 quos
946 3705 1022 3790 ipsis
1050 3704 1164 3768 diverti
1194 3725 1263 3768 mos
1292 3720 1386 3770 essct.

322 3790 447 3878 Legati,
464 3789 519 3875 qui
535 3805 662 3875 repente
677 3789 784 3940 aliquo
804 3791 1012 3868 mitterentur,
1029 3791 1152 3876 singula
1160 3791 1308 3876 jumenta
1328 3812 1387 3876 per

320 3877 449 3961 oppida,
466 3877 525 3940 iter
539 3899 602 3963 quo
615 3874 719 3940 faciun
745 3879 818 3942 uml’
832 3891 910 3954 erat,
927 3876 1141 3961 imperabant:
1163 3876 1256 3940 aliam
1272 3876 1384 3960 inpen-

321 3985 387 4028 sam
404 3963 480 4028 socii
496 3963 528 4026 in
549 3963 747 4064 magistratus
765 3963 926 4028 Romanos
948 3985 1012 4026 non
1033 3961 1199 4026 iaciebant.
1243 3961 1387 4050 ¹Injuria

230 4055 233 4071 '
320 4049 466 4126 consulis,
482 4049 604 4113 etiamsi
617 4062 713 4134 Justa,
730 4071 794 4113 non
817 4068 920 4114 tamen
941 4051 973 4112 in
995 4049 1178 4136 magistratu
1190 4049 1383 4129 exercenda,

544 4189 688 4232 ¹reaceatoa
699 4187 775 4233 Groo.
788 4186 858 4232 Crar.
921 4182 934 4220 b
939 4185 1081 4245 faciendum
1093 4186 1160 4232 Cret.

353 4315 688 4375 tIrp'urioconaulir,etiamri
689 4313 773 4381 justo]
783 4317 836 4364 Ma·
868 4317 958 4378 injurio
973 4314 1065 4378 justo?
1086 4287 1222 4364 Euiemlaot
1243 4318 1297 4367 r'rar
1323 4320 1386 4368 bono

317 4381 430 4430 clientum
460 4381 578 4428 mendum.
611 4382 677 4432 Quid
708 4388 745 4430 eat
771 4383 834 4430 enim
868 4395 946 4429 sensu.
