3056 4976
319 151 357 247 ei
495 245 497 252 ,
701 151 1081 248 ninrnrvrr·

158 358 226 416 Μ
238 366 306 410 που
319 359 387 412 sam
398 345 556 428 feneratis
571 350 608 414 'id
621 350 701 434 quod
715 359 782 413 erat
795 360 910 418 uetusta
927 347 1088 434 conjunctio
1108 369 1175 414 enm
1192 348 1375 432 Macedoni·

157 424 187 472 Δ·
198 423 225 474 ⁰·
240 432 293 478 ¹³⁴·
319 433 381 510 bus,
395 445 497 499 uetera
511 445 542 500 et
555 457 671 520 magno
693 435 728 499 in
747 458 800 500 nos
812 457 918 521 regum
933 437 1053 502 merita.
1103 436 1230 500 Valeant
1244 446 1274 500 et
1295 457 1374 501 nunc

318 522 425 611 endan
443 519 509 597 illo,
534 543 594 588 non
618 531 652 585 ut
674 523 820 604 praecipue
841 523 939 599 amici,
965 524 1019 586 sed
1038 543 1075 586 ne
1095 523 1241 604 precipue
1260 523 1375 587 immisi

317 606 416 670 rimus.
462 607 512 671 Ne
534 607 575 684 id,
600 611 681 691 quod
704 629 764 672 non
785 610 896 692 agitur,
922 609 1109 684 Callicrates,
1127 609 1373 674 simulaverimus.

316 711 404 755 mmo
423 713 509 756 noua
527 694 679 758 societatis
697 703 749 756 aut
762 692 978 775 novissemus,
993 715 1053 780 quo
1066 713 1127 758 nos
1141 704 1249 758 temere
1262 695 1372 780 inlige-

316 797 392 853 mus,
416 779 614 844 mnsmibendi
637 789 682 844 eet
703 787 826 845 auctor:
855 783 908 845 sed
928 781 1133 846 commercium
1156 789 1274 844 tanturn
1288 777 1374 864 juris

311 865 466 944 prabersdi
482 865 691 950 repetendique
711 866 761 942 sit,
775 887 813 929 ne
825 867 1026 930 interdictione
1036 865 1149 945 finium
1162 874 1328 930 nostrorum
1343 876 1376 929 et

315 955 369 1013 nos'
391 971 507 1034 quoque
525 973 620 1038 regno
643 972 808 1028 arceamus,
831 974 868 1016 ne
889 953 979 1016 sentis
1002 952 1113 1017 nostris
1135 951 1244 1036 aliquo
1257 949 1373 1038 sugere

314 1035 416 1100 liceat.
444 1035 546 1112 ,arta
567 1039 622 1104 boc
639 1039 780 1104 aduersus
802 1039 945 1104 Romanu
961 1036 1083 1120 sasima
1102 1036 1172 1102 esti
1202 1038 1283 1111 Quid
1306 1059 1395 1120 rem⁴

310 1142 443 1203 parvam
466 1132 496 1186 et
520 1135 667 1204 apertam,
690 1145 837 1206 magnam
859 1134 889 1188 et
909 1135 1077 1204 asspectum
1090 1120 1256 1203 sucinum?
1289 1125 1373 1198 Qrsid

313 1229 408 1272 uanos
418 1209 560 1274 tumultus
570 1211 702 1274 cumas?
729 1211 859 1284 Quidem
874 1211 931 1292 ipsi
952 1210 1044 1274 baum
1059 1210 1239 1274 adsentandi
1254 1210 1371 1274 Roma·

314 1295 361 1358 nis
374 1297 545 1372 babeamus,
561 1305 712 1377 asspectos
726 1295 804 1360 aiios
818 1295 843 1340 ¹⁷
852 1318 889 1362 ac
902 1297 1009 1361 inuisos
1022 1293 1189 1382 efficimus?
1214 1294 1247 1359 Si
1260 1295 1371 1360 bellum

263 1449 267 1464 ,
313 1381 377 1458 erit,
393 1404 430 1446 ne
446 1383 572 1445 Perseius
586 1383 706 1464 quidem
720 1383 849 1458 dubitat,
863 1385 933 1466 quin
948 1383 1103 1448 Romanos
1116 1381 1244 1445 secuturi
1257 1382 1369 1445 simus.-

152 1479 220 1526 niun
233 1480 288 1527 novt
312 1467 343 1531 in
363 1468 601 1548 murotenus
622 1487 683 1530 uon
706 1466 777 1529 odia
789 1465 951 1546 finiuntur,
971 1469 1212 1533 intermittantur.
1257 1467 1368 1542 Quum

79 1572 84 1576 ’
149 1551 260 1624 'mim‘
270 1547 304 1594 Δ·
312 1551 408 1616 iidem
424 1552 498 1618 huia
513 1552 659 1629 orationi,
676 1550 763 1637 ¹⁸qui
780 1551 878 1618 literis
899 1555 982 1641 regis
1004 1553 1239 1630 adsentierant·‚
1253 1553 1368 1616 adsen-

150 1613 217 1659 ⁰¹³⁸¹¹
312 1639 456 1716 tirentur,
471 1631 690 1726 indignatione
713 1638 903 1724 principum,
919 1641 1015 1726 qnod,
1026 1661 1125 1727 quam
1139 1661 1207 1702 rem
1222 1660 1262 1703 ne
1282 1639 1369 1726 lege-

311 1725 398 1789 tione
418 1724 547 1812 quidem
568 1724 698 1809 dignam
715 1724 886 1808 judicasset
908 1727 1051 1804 Perseus,
1075 1725 1171 1790 literis
1191 1746 1367 1810 pancorum

312 1833 458 1876 versuum
472 1811 498 1852 ¹⁹
507 1811 699 1896 impetraret,
714 1810 875 1878 decretum
891 1811 1044 1877 differtur.
1072 1835 1075 1843 ’
1089 1811 1204 1900 Legati
1216 1809 1367 1876 ”deinde

309 1910 420 1982 postea
440 1897 527 1962 missi
551 1898 591 1962 ob
614 1919 649 1961 re
729 1918 828 1983 quum
851 1897 1049 1986 Megalopoli
1072 1900 1241 1964 concilium
1267 1908 1365 1974 esset3

309 1983 447 2069 dataque
460 2003 557 2069 opera
571 1995 617 2047 est
685 1985 733 2060 iis,
750 1984 805 2068 qui
818 1985 1024 2052 offensionem
1043 1985 1130 2071 apud
1146 1985 1308 2050 Romanos
1322 1982 1365 2049 ti-

310 2070 448 2144 mebant,
465 2091 504 2134 ne
519 2070 771 2138 admitterentur.
1126 2123 1127 2126 ,
1408 2071 1411 2084 '

147 2163 282 2241 nestorem
315 2195 322 2206 -
353 2155 467 2221 XXV.
491 2155 555 2222 Per
568 2155 638 2220 haec
656 2169 799 2240 tempora
813 2155 995 2222 AEtolorum
1015 2155 1050 2220 in
1070 2168 1168 2221 semet
1188 2155 1271 2241 ipsus
1293 2176 1364 2222 ver·

147 2230 275 2278 ‘¹¹⁸⁰0'd'2·
309 2265 360 2308 sas
374 2242 463 2308 furor
487 2243 603 2308 mutuis
617 2242 758 2308 eaedibus
773 2243 814 2309 ad
834 2242 1080 2308 internecionem
1095 2242 1305 2307 adducturus·
1316 2242 1364 2305 vi·

305 2330 440 2396 debatur
453 2342 590 2416 gentem.
636 2329 722 2394 Fessi
735 2331 850 2396 deinde
865 2345 897 2395 et
912 2331 1046 2394 Romam
1062 2341 1131 2392 utra
1156 2349 1196 2392 ne
1207 2348 1281 2413 pars
1304 2327 1364 2390 mi·

188 2495 193 2502 ,
307 2428 415 2483 serunt
435 2414 563 2504 legatos,
587 2427 619 2480 et
639 2416 722 2482 inter
744 2440 777 2482 se
799 2419 857 2502 ipsi
879 2416 919 2481 de
941 2351 1174 2480 reconcilianda
1193 2412 1365 2480 concordia

305 2505 460 2588 agebant:
494 2502 520 2542 ²¹
529 2524 602 2590 qnae
625 2523 709 2567 novo
733 2503 872 2568 &cinare
896 2501 1105 2567 discussurus
1130 2513 1246 2566 veteres
1267 2499 1363 2564 etiam

305 2589 368 2653 iras
390 2587 549 2654 excitavit.
592 2588 764 2655 Exsulibus
785 2589 964 2675 Hypataeis,
988 2588 1042 2673 qui
1056 2584 1200 2651 factionis
1223 2585 1363 2650 Proxeni

305 2686 407 2752 arant·
431 2696 530 2760 quum
552 2674 672 2738 reditus
693 2675 727 2740 in
752 2677 888 2760 patriam
912 2675 1085 2760 promissus
1109 2685 1200 2754 esset,
1222 2671 1364 2758 fidesque
1433 2723 1438 2736 .

305 2761 379 2848 data
391 2781 447 2844 per
457 2761 633 2846 prinoipem
648 2759 781 2826 civitatis
798 2758 1023 2846 Eupolemnm,
1039 2756 1201 2848 octoginta
1213 2759 1363 2822 inlustres
1428 2786 1433 2798 =

187 2895 190 2900 -
304 2845 460 2921 homines,
486 2844 600 2932 quibus
622 2845 825 2913 redeuntibus
854 2847 936 2912 inter
952 2858 1099 2910 'ceteram
1128 2843 1363 2912 multitudinem

305 2931 503 3018 Eupolemus
524 2931 636 2996 etiam‘
659 2932 770 2997 obvius
792 2933 918 3011 exierat,
942 2931 1075 3018 ”quum
1101 2931 1286 2996 salutatione
1306 2929 1362 2995 be-

302 3019 336 3081 ni
382 3021 400 3083 e
417 3019 539 3104 excepti
560 3029 673 3100 essent,
687 3019 868 3108 dextraeque
883 3019 977 3098 datae,
994 3017 1205 3107 ingredientes
1225 3030 1361 3104 portum,

303 3103 326 3172 fi
349 3127 398 3170 em
413 3104 519 3170 datam
534 3104 685 3192 Deosque
706 3119 798 3180 testes
820 3105 1035 3194 nequidquam
1056 3105 1246 3182 invocantes,
1261 3103 1360 3168 inter-

302 3189 376 3255 fecti
387 3203 469 3256 sunt.
508 3191 589 3258 Inde
601 3192 727 3280 gravius
742 3193 782 3257 de
796 3193 923 3282 integro
937 3190 1053 3256 bellum
1068 3191 1193 3255 emrsit.
1239 3191 1277 3254 0.
1295 3189 1360 3254 Va·

301 3276 398 3342 larius
420 3277 580 3356 Loevinus,
604 3293 636 3344 at
652 3279 713 3366 Ap
730 3279 881 3356 Claudius
905 3277 1057 3359 Pulcher,'
1069 3288 1101 3341 et
1116 3276 1155 3343 C.
1171 3275 1359 3354 Memmius,

302 3376 335 3430 et
357 3363 407 3428 M.
425 3363 590 3449 Popillius,
607 3377 638 3430 et
660 3365 701 3430 L.
717 3365 896 3432 Canuleius
905 3364 990 3430 missi
1002 3364 1044 3428 ab
1065 3374 1177 3428 senatu
1199 3376 1359 3444 venerant.

302 3450 401 3539 Apud
416 3473 469 3515 eos
484 3471 581 3536 quum
598 3451 733 3536 Delphis
747 3455 910 3552 utriusque
931 3451 1028 3537 partis
1042 3449 1137 3537 legati
1157 3469 1276 3537 magno
1290 3470 1359 3514 aar·

183 3607 187 3614 ,
285 3537 421 3602 umine
444 3547 585 3626 agerent,
602 3538 765 3603 Proxenus
786 3557 932 3615 maxime,
947 3557 1046 3624 quum
1067 3557 1184 3615 caussa,
1201 3548 1268 3599 tum
1292 3535 1360 3608 elo·

301 3623 440 3710 quentia,
451 3635 604 3707 praestare
618 3624 700 3689 visus
714 3639 780 3701 est3
800 3625 856 3712 qui
876 3645 995 3710 pancos
1007 3633 1080 3708 post
1093 3623 1159 3687 dies
1180 3621 1222 3686 ab
1236 3620 1360 3688 Ortho-

335 3763 442 3824 rsanres
453 3764 528 3822 Gran.
537 3764 606 3811 cres.
665 3763 843 3812 'carminum
855 3763 900 3810 det.
911 3765 977 3810 Cres.
1045 3759 1137 3806 tettan
1146 3760 1191 3806 del.
1202 3761 1276 3808 Gran.
1291 3760 1361 3810 Cres.

336 3886 365 3928 17
381 3875 529 3941 Acinaiscs]
546 3879 747 3940 ingeminatum.
878 3885 909 3926 ἑο
926 3878 1019 3926 Deinde
1032 3874 1125 3940 postea]
1155 3874 1305 3924 Alterutrum
1316 3889 1359 3924 va·

337 3949 365 3989 ts
385 3945 434 4001 Qut
442 3945 533 3991 litteris
543 3947 618 4005 regis,
626 3942 814 4010 adsentirentur]
845 3951 892 3992 cat.

301 4009 376 4055 Vetus
388 4009 516 4069 scripturas
534 4010 576 4072 qui
586 4011 676 4057 litteris
693 4012 757 4072 regis
772 4011 813 4057 ad·
878 4011 987 4065 WQaae
998 4042 1005 4058 .
1015 4040 1041 4056 ..
1060 4009 1165 4055 discrima
1179 4001 1227 4066 res]
1244 4007 1357 4053 Delemna
1388 4031 1396 4042 ·

215 4088 218 4101 ¹
300 4075 440 4130 emitterent,
461 4075 645 4122 adsentirentur.
678 4075 813 4135 Gronovius
845 4083 987 4136 postremam
1006 4089 1097 4138 vocem.
1117 4071 1252 4119 Etenimcx
1270 4086 1357 4131 praee·

300 4133 353 4184 mitt
367 4139 438 4198 Jnssit
450 4139 546 4187 verbum
564 4141 732 4200 edormierunt,
750 4143 813 4202 qnod
845 4141 954 4188 dentibus
964 4141 1031 4204 imile
1041 4136 1181 4203 intelligitur
1191 4137 1322 4184 concor'tls'a.

301 4204 579 4251 saneabivioessenon
592 4205 692 4252 ridetur.
876 4211 907 4252 tt
927 4206 1007 4262 Qum
1025 4205 1169 4266 salutatione
1192 4203 1290 4263 aenigne
1316 4216 1357 4249 ea·

335 4273 364 4318 19
382 4263 538 4332 Impetraret]
562 4269 595 4316 ns
619 4269 658 4316 hic
678 4270 813 4320 Gronovius
845 4270 1004 4334 septiessent]
1024 4271 1150 4319 Matienus
1161 4269 1277 4333 benigna.

300 4335 405 4396 reposuit
415 4336 552 4395 impetraret
562 4348 604 4394 pro
616 4338 749 4395 imperaret.
