3056 4976
1091 25 1128 98 ”i

359 165 378 216 s
744 159 856 218 τιτι
883 151 1018 217 L1v11
1096 119 1113 134 ”

201 335 334 387 uuest.
361 343 460 388 sacua
485 333 590 390 castra
616 322 728 408 inpetu
755 321 849 400 iacta
873 321 959 400 latri,
980 343 1080 410 quum
1106 321 1189 386 alius
1212 327 1355 386 muratus
1370 310 1424 378 'iis

199 401 269 450 M*
281 409 347 456 ¹⁷⁸··
360 431 454 474 nemo
475 409 599 474 obviam
621 409 705 486 isset,
732 408 765 473 in
785 409 939 495 praetorio
960 409 1166 474 instruentem
1187 420 1284 494 etque
1303 400 1425 468 adher·

360 508 479 560 tantem
509 518 581 560 suos
609 497 844 579 obpresserunt.
888 495 1043 560 Proelium
1069 495 1217 571 mandra,
1240 511 1337 579 quatu
1361 507 1425 572 pro

360 582 519 665 paracitate
547 581 767 660 resistentium,
790 580 868 646 fuit:
898 601 959 646 uec
984 592 1056 646 aute
1083 580 1213 646 finitum
1239 590 1297 655 est,
1324 595 1423 674 quant
1516 579 1517 586 ’

361 667 507 734 tribturus
532 668 678 745 rnilitum,
694 668 813 754 quique
834 669 918 733 circa
939 689 1011 732 eum
1037 667 1251 742 constiterant,
1266 660 1426 728 interiecti

200 775 321 836 1satepu.
359 768 444 818 sunt.
491 754 647 821 Praetoria
677 754 811 839 dejecto,
842 754 984 838 direptis,
1014 775 1086 840 quse
1113 753 1169 817 ibi·
1193 751 1329 826 fuerunt,
1360 745 1425 810 ⁸ad

199 842 280 918 ¹⁸⁰²&
291 843 317 888 ³¹¹
360 841 567 926 quaestqrium
580 839 684 905 iorum
700 841 948 926 quintanamque
969 841 1075 904 hostes
1091 847 1315 925 pervenerunt.
1359 833 1425 912 Ibi,

200 912 282 1018 ἵζ’
361 947 458 1012 quum
481 927 623 990 omnnium
653 947 759 990 rerum
788 939 933 1012 paratam
962 927 1201 1012 expositamque
1227 924 1364 1007 copiam,
1391 931 1425 984 et

263 1005 269 1018 ’
361 1027 474 1076 stratoe
501 1013 600 1078 lectius
629 1013 860 1099 iu'quaestoriu
881 1013 1083 1090 invenissent,
1110 1011 1237 1098 regulus
1262 1008 1424 1073 adcubans

360 1097 483 1184 epulari
497 1101 607 1184 coepit.
630 1119 708 1164 mox
729 1099 812 1164 idern
833 1099 928 1164 ceteri
948 1121 1068 1176 ornnes,
1082 1119 1246 1164 ¹aerariorum
1268 1093 1425 1160 hostium*

343 1209 423 1272 ‚que
442 1185 546 1262 obliti,
566 1185 703 1251 faciunt:
724 1198 768 1264 et,
784 1199 820 1252 ut
840 1185 956 1271 quibus
977 1188 1118 1250 insuetus
1139 1182 1300 1249 liberalior
1321 1181 1425 1244 victus

360 1284 448 1350 esset,
462 1273 587 1337 avidius
601 1272 676 1336 vino
690 1271 825 1358 ciboque
839 1293 974 1356 conpeta
989 1283 1130 1336 nument.
1359 1321 1363 1328 .

198 1375 335 1436 imitatio
372 1407 375 1414 ι
404 1359 469 1424 ΙΙΙ.
495 1359 704 1445 Nequaquam
724 1359 834 1422 eadem
848 1373 895 1422 est
917 1369 986 1422 tum
1007 1360 1054 1422 rei
1075 1356 1179 1422 forma
1199 1355 1286 1441 apud
1302 1354 1424 1418 Roma-

199 1439 318 1510 masna.
359 1465 418 1508 nos
428 1467 442 1508 :1
458 1456 553 1524 terra,
568 1447 649 1508 mari
664 1443 861 1528 trepidatur:
883 1444 1001 1508 nautici
1016 1443 1219 1514 tabernacula
1231 1442 1422 1515 detendunt,

199 1518 259 1551 '¹¹⁰¹‘
359 1545 633 1618 commeatumque
653 1531 687 1594 in
708 1531 801 1596 litore
820 1531 996 1616 expositum
1021 1531 1054 1594 in
1076 1552 1171 1594 naves
1196 1529 1346 1614 rapiente
1361 1526 1423 1590 mi-

286 1683 287 1688 ,
360 1616 429 1682 lites
445 1618 476 1680 in
492 1618 624 1702 scaphas
636 1627 671 1682 et
685 1639 772 1682 mare
784 1618 887 1684 territi
901 1629 1019 1682 ruunt:
1043 1630 1158 1692 nautae,
1174 1629 1261 1680 metu
1277 1636 1319 1678 ne
1333 1635 1424 1680 com·

359 1704 506 1786 plesatur
526 1704 663 1791 navigia,
677 1703 730 1769 alii
753 1703 856 1768 turbae
881 1703 1053 1788 obsistunt,
1072 1703 1124 1768 alii
1150 1705 1190 1767 ab
1216 1701 1307 1766 litore
1329 1722 1425 1764 naves
1516 1697 1517 1704 '

359 1791 392 1852 in
411 1790 509 1856 altura
530 1790 708 1876 expellunt.
729 1789 805 1855 iude
824 1803 996 1869 cemmeu,
1013 1812 1089 1854 mox
1102 1790 1195 1854 edam
1217 1809 1327 1877 pugna
1348 1807 1422 1850 cunr

359 1875 539 1942 vulneribus
561 1891 591 1941 et
613 1877 700 1942 caede
719 1876 754 1938 in
774 1878 874 1942 ricem
897 1877 1034 1941 militurn
1055 1887 1287 1961 nautarumque
1307 1873 1424 1950 brittas,

358 1961 462 2026 donec
486 1965 574 2049 jussu
599 1961 737 2028 consulis
765 1963 877 2048 procul
901 1987 921 2028 a
946 1978 1032 2028 terra
1055 1962 1170 2027 classis.
1188 1962 1333 2026 submota
1361 1971 1422 2024 est.

360 2048 531 2116 decernere
544 2049 621 2114 inde
634 2049 770 2114 inermes
790 2049 831 2113 ab
853 2050 981 2114 armatis
995 2049 1102 2134 caepit.
1126 2049 1177 2113 vix
1193 2047 1277 2112 mille
1290 2047 1424 2111 ducenti
1481 2116 1485 2124 ¹

358 2157 399 2198 ers
413 2147 502 2200 tanta
523 2136 734 2213 multitudine,
752 2135 807 2222 qui
828 2157 916 2217 arma
939 2136 1101 2214 habereut,
1116 2135 1268 2220 perpauci
1290 2133 1423 2220 equites,

358 2222 413 2307 qui
435 2244 533 2308 equos
557 2245 664 2288 secum
686 2222 880 2299 eduxissent,
899 2222 1017 2288 inventi
1039 2235 1123 2286 eunt.
1146 2234 1250 2288 cetera
1271 2220 1423 2284 deformis

357 2309 570 2384 turbaretur
598 2309 734 2374 lixarum
762 2309 985 2395 calonumque,
1010 2308 1122 2393 praeda
1150 2329 1222 2372 vere
1249 2306 1367 2384 futura,
1395 2305 1422 2368 si
1492 2359 1517 2366 .,

194 2407 303 2454 amount
319 2393 429 2458 sabelli
451 2395 556 2460 hostes
578 2395 801 2461 meminissent.
844 2394 975 2460 ⁹Tuuc⁶
989 2395 1117 2460 demum
1140 2393 1335 2458 nuncius-sd
1357 2404 1422 2456 ter·
1516 2427 1517 2470 3

195 2481 272 2550 ⁰3⁸³*
282 2476 339 2522 rest.
356 2483 433 2545 tiam
451 2481 606 2570 legionem
630 2483 852 2559 revocandam,
868 2495 900 2546 et
915 2481 1082 2546 Gallorum
1108 2480 1289 2566 praesidium
1302 2503 1311 2542 r
1323 2505 1324 2510 ¹
1334 2493 1367 2544 et
1380 2479 1426 2542 si-
1516 2513 1517 2518 κ

194 2539 288 2598 ΨΜ
357 2567 485 2632 mules
508 2569 655 2633 omnibus
677 2569 753 2632 locis
774 2567 816 2632 ad
836 2582 939 2633 castra
963 2567 1145 2653 recipienda
1170 2566 1424 2651 demendamque
1516 2567 1517 2636 l

355 2653 562 2738 igrsomiuiam
590 2655 685 2718 rediri
714 2668 856 2738 coeptum
880 2667 935 2718 eet
981 2654 1120 2719 Tribuni
1149 2653 1284 2717 militum
1319 2653 1426 2716 tertiae
1516 2649 1517 2676 ³

350 2738 487 2825 ¹legionis
510 2740 660 2825 pabulum
683 2739 832 2825 lignaque
854 2741 1007 2825 projicere
1024 2741 1156 2827 jubent:
1182 2739 1426 2804 centurionibus
1516 2789 1517 2798 ,

804 2859 892 2907 dnum
903 2861 970 2909 Cres.
1516 2827 1517 2850 l

354 2962 489 3022 manipulis.
505 2961 657 3010 Vidnott.
675 2963 704 3009 ad
720 2961 867 3009 txxxuu
901 2963 979 3009 fronte
1004 2969 1134 3021 castrorum
1162 2963 1191 3008 ad
1219 2960 1323 3022 pretorii
1348 2961 1423 3008 latus.
1516 2937 1517 3016 l

354 3037 375 3074 c.
390 3033 433 3070 1.·
902 3027 958 3074 Ideo
975 3028 1055 3074 hostes
1071 3027 1182 3088 praetorio
1200 3027 1291 3086 deiecto
1306 3027 1338 3072 ad
1356 3041 1422 3086 quse·
1516 3017 1517 3078 l

386 3093 701 3154 flAdqaoestsrr'umsarum
711 3093 869 3148 Quintanas-
901 3095 1000 3142 starium
1017 3094 1168 3154 perveniunt.
1198 3091 1425 3148 Qassurioiaiaur
1516 3135 1517 3160 ,

353 3153 406 3219 que]
423 3159 478 3208 Dua
488 3159 553 3206 tuere
563 3151 589 3206 in
601 3159 684 3206 castris
694 3159 809 3206 Romanis
819 3159 870 3206 fora
901 3160 1017 3208 translato
1039 3159 1064 3204 in
1083 3164 1172 3219 partam
1195 3171 1303 3218 superans
1330 3163 1428 3214 castra-K

351 3235 428 3268 rerum
450 3221 583 3269 residium:
612 3225 710 3270 aiterum
733 3225 762 3270 ad
783 3230 868 3286 praeto·
902 3224 1046 3281 ruru,simul
1062 3229 1085 3269 ei
1105 3225 1182 3270 forum
1196 3223 1319 3282 quaestoris
1337 3223 1421 3269 eodem

351 3285 482 3344 rium,sire
497 3289 763 3346 tabernaculumducis,
776 3289 804 3335 de
821 3293 869 3348 qus*
900 3291 1042 3335 translatum
1056 3293 1100 3334 est.
1134 3289 1200 3338 Quin
1218 3293 1242 3334 et
1257 3288 1297 3333 ria
1313 3289 1422 3348 proxima

351 3352 435 3400 &erte
452 3354 571 3414 Polybius,
589 3354 650 3402 libro
667 3356 867 3405 saxto2=nitsrum
901 3355 1027 3414 questoris
1048 3354 1176 3405 Quintana
1198 3365 1291 3412 quoqne
1313 3354 1427 3401 vocitata

350 3417 378 3464 ad
413 3419 576 3480 quaestorium,
607 3420 658 3466 sive
689 3420 867 3467 tabernaculum
899 3425 937 3466 est
956 3434 970 3466 a
990 3419 1144 3466 similitudine
1164 3433 1224 3466 rerae
1242 3418 1422 3472 Quintanmiu

349 3485 480 3542 questoris.
515 3487 625 3531 Ceterum
652 3490 676 3531 et
703 3486 868 3545 quarterium,
901 3499 947 3544 qua
964 3485 1021 3530 olim
1041 3482 1194 3544 quaestorium
1212 3479 1316 3543 positum
1335 3485 1423 3531 iuerat.

348 3553 373 3593 et
395 3549 440 3595 hoc
456 3551 555 3610 proinde
572 3550 651 3612 iorum
668 3551 792 3610 quaestoris
808 3550 866 3596 oiim
900 3551 932 3596 Et
947 3551 998 3596 bae
1008 3551 1033 3596 in
1045 3551 1098 3597 ioco
1109 3564 1179 3609 quem
1194 3548 1338 3609 explicamus
1350 3549 1423 3595 intei-

347 3625 428 3660 versue
445 3620 537 3674 portem
549 3615 711 3662 Decumanam
728 3615 801 3661 inisse
816 3615 866 3674 jam
898 3613 993 3670 liganda
1010 3619 1047 3661 est
1064 3615 1198 3670 Quintana,
1215 3628 1262 3660 non
1283 3613 1326 3658 illa
1347 3615 1422 3661 altera

347 3681 515 3726 annotavimus
531 3681 561 3726 ad
572 3681 587 3726 1.
600 3679 719 3726 XXXIV.
732 3695 752 3725 c.
766 3687 804 3730 47.
830 3679 865 3726 Si·
899 3686 977 3738 vetus,
988 3693 1040 3740 quse
1051 3681 1152 3726 nimium·
1166 3681 1237 3740 longe
1252 3679 1319 3725 abest
1331 3693 1346 3724 a
1361 3689 1422 3740 prea-

345 3749 397 3790 tam
418 3749 469 3791 erat
487 3759 571 3805 nempe
590 3745 616 3789 in
635 3746 712 3792 media
731 3745 876 3802 Quintana,
898 3746 967 3792 torio.
1002 3745 1063 3791 iisse
1089 3745 1125 3792 ita
1152 3745 1266 3804 explicare
1293 3757 1419 3802 conemur,
1516 3773 1517 3812 p

347 3821 399 3868 quae
414 3810 455 3856 uia
471 3815 606 3857 transversa
621 3815 681 3867 erat,
691 3823 773 3856 secans
790 3811 865 3866 longi-
897 3815 927 3856 ut
947 3811 1057 3857 brevitati
1077 3811 1147 3857 umal
1169 3814 1193 3855 et
1213 3807 1317 3856 claritati
1334 3823 1421 3856 cesam

345 3875 618 3926 tudinem‘castrornm,
641 3875 753 3936 paralisis
774 3876 865 3922 Princi-
898 3876 981 3922 lamus.
1015 3877 1060 3923 Sed
1083 3877 1124 3936 qui
1146 3879 1222 3922 totam
1241 3889 1291 3920 rem
1312 3876 1428 3934 apertius·
1516 3877 1517 3898 ¹

345 3939 399 3999 piis.
432 3941 514 4000 Atque
533 3941 589 3987 hinc
608 3940 686 3986 iorum
705 3941 782 4000 ipsum
797 3935 864 4001 'quae-
896 3942 1028 4002 perspicere
1046 3941 1120 3999 sciet,
1136 3941 1207 3987 adeat
1225 3940 1290 4000 Lips.
1308 3940 1327 3988 1.
1342 3941 1374 3988 V.
1391 3941 1430 3987 ds·
1516 3943 1517 3968 l

346 4003 417 4050 storia
440 4005 568 4066 saepissime
588 4005 714 4057 Quintana
734 4006 864 4054 dicebatur.
896 4004 950 4052 Mil.
962 4007 1145 4054 itum.Dial.8.

345 4067 472 4118 Quintana
492 4071 556 4117 dicta
577 4085 592 4116 s
614 4070 704 4129 quintis
726 4071 863 4119 cohortibus
928 4066 1419 4130 sstmsmsmnaassasismprsau-

341 4132 412 4191 juria
438 4149 489 4182 eam
511 4136 671 4182 tendentibus·
704 4136 811 4196 Apparet
835 4153 863 4184 ex
895 4152 936 4184 erse
954 4141 1045 4184 estrat
1065 4137 1173 4199 intellige
1193 4136 1316 4183 Gallonius
1338 4135 1419 4198 praesi-

343 4199 389 4245 hoc
399 4199 460 4248 Liuii
477 4199 530 4248 locs
546 4201 596 4258 jam
612 4215 677 4247 nunc
691 4205 812 4249 mutatum
823 4205 862 4250 fu·
895 4203 960 4250 diurn
972 4203 1001 4249 de
1012 4217 1060 4264 quo
1073 4203 1114 4250 bic
1124 4203 1212 4265 agitur,
1223 4201 1340 4262 cujusque
1351 4213 1417 4248 ruen-

343 4262 389 4310 isse
408 4264 480 4313 situm
492 4266 622 4326 questorii,
634 4267 669 4313 ita
688 4271 716 4312 ut
735 4268 795 4314 iliud
810 4273 862 4314 tum
895 4268 931 4314 tio
940 4269 1005 4314 iacis
1015 4272 1052 4314 est
1067 4282 1140 4332 supra
1150 4283 1170 4316 c
1180 4273 1202 4313 t.
1214 4267 1335 4316 stetisses
1350 4271 1431 4328 peric·

342 4333 424 4388 esset,=
437 4345 483 4390 quo
507 4333 558 4379 loco
576 4331 691 4392 Polybius
717 4333 812 4391 statuit,
836 4333 861 4380 in
895 4333 1063 4396 Romanorum.
1315 4353 1320 4358 ·
1425 4341 1430 4358 '
