3116 4986
354 213 415 276 ,ω
485 293 491 300 β
753 209 1003 276 curruum
1075 232 1079 240 ·
1290 297 1299 304 ‚

352 377 539 444 monoteta·
544 377 647 462 statui
657 377 791 444 cansflia.
835 377 886 442 M.
901 375 1058 442 Messalla
1070 371 1410 459 Poptootonficeen

351 466 478 531 ⁶oictum
494 467 638 531 communi
651 464 774 530 coneilio
784 465 1031 528 emedonnomtmt.
1087 505 1092 520 .

781 777 987 864 CXXIII.

397 1010 469 1076 Sex.
487 1009 657 1092 Pompeius,
672 1008 895 1094 Magnifilius,
912 1007 994 1072 lectis
1015 1030 1054 1072 eu
1067 1009 1165 1092 Epiro
1184 1007 1359 1092 proscriptis
1373 1026 1414 1070 ac

347 1093 503 1182 fugitiuis,
514 1117 581 1158 cum
592 1095 720 1160 ecercitu
732 1097 795 1172 din,
808 1095 872 1157 sine
885 1095 950 1158 nlla
965 1093 1021 1158 loci
1034 1095 1204 1180 cry‘usquam
1217 1094 1416 1176 possessione,

351 1183 508 1264 predatus
535 1183 568 1244 in
596 1181 684 1259 mari,
711 1181 886 1245 Messanam
914 1180 1057 1264 oppidum
1084 1181 1115 1244 in
1140 1181 1244 1246 Sicilia
1271 1179 1415 1262 primurn,

355 1267 462 1332 deinde
490 1277 585 1332 totam
609 1267 790 1350 provinciam
824 1267 993 1350 occupavit.-
1029 1268 1180 1352 occisoque
1208 1266 1248 1330 A.
1265 1266 1415 1346 Pompeio

356 1353 517 1437 Bithynico
541 1363 679 1438 pretore,
704 1355 743 1427 Q.
766 1353 969 1418 Salvidienum
996 1351 1128 1438 legatum
1153 1351 1281 1419 Caesam’s
1309 1349 1416 1414 nartali

351 1443 461 1522 proelio
483 1440 559 1508 uicit.
606 1440 704 1504 Cesar
718 1448 748 1502 et
762 1439 910 1503 Antonius
928 1461 990 1503 cum
1014 1440 1187 1504 exercitibus
1209 1440 1241 1503 r'n
1258 1435 1417 1502 Graeciam

357 1524 546 1610 trajecerunt,
571 1525 679 1588 bellum
703 1534 808 1589 contra
829 1527 954 1588 Brutum
980 1533 1009 1588 et
1037 1527 1173 1590 Cassium
1197 1523 1325 1610 gesturi.
1372 1519 1416 1598 Q·
1484 1533 1491 1554 ·

359 1610 531 1690 Cornifirins
557 1611 589 1675 in
617 1607 727 1692 Africa
749 1609 808 1677 8Τ.
838 1611 985 1688 Sextium,
1026 1613 1243 1676 Cassianarum
1272 1607 1415 1693 partitum

358 1697 473 1775 ducem,
486 1697 595 1780 praelia
608 1697 687 1762 uicit.

617 2051 620 2060 r
701 1995 704 2004 ’
781 1918 981 2070 CXXIV.

404 2203 438 2269 C.
455 2202 560 2268 Cesar
570 2209 601 2264 et
615 2201 763 2266 Antonius
777 2203 860 2284 apud
875 2201 1035 2284 Philippos
1054 2198 1138 2264 oario
1152 2209 1257 2265 euentu
1272 2201 1420 2266 adnuens

359 2289 490 2354 Butrium
516 2297 546 2352 et
570 2289 707 2354 Cassium
733 2297 953 2372 pugnauerunt,
976 2286 1041 2350 ⁷ita
1069 2297 1104 2352 ut
1132 2287 1241 2350 deutra
1265 2288 1420 2373 utriusque

359 2397 471 2440 cornua
479 2375 636 2452 vincerent,
647 2382 676 2438 et
686 2385 788 2438 castra
797 2394 912 2459 quoque
925 2373 1088 2458 utriumque
1102 2373 1141 2436 ab
1154 2373 1201 2449 iis,
1212 2373 1263 2458 qui
1272 2375 1416 2450 uicerant,

359 2471 610 2548 expugnarentur.
646 2461 707 2527 Sed
719 2456 895 2544 inequalem
901 2455 1061 2540 fortunam
1073 2459 1211 2541 partium
1225 2478 1305 2524 mors
1320 2461 1420 2525 Cassii

351 2545 449 2628 fecit.-
471 2549 537 2631 qui,
574 2568 643 2611 uum
662 2547 694 2610 in
708 2568 742 2610 eo
757 2543 977 2626 cornufuissct,
992 2547 1072 2630 quod
1092 2545 1211 2627 pulsum
1225 2554 1302 2622 erat,
1324 2555 1418 2622 totum

360 2634 523 2698 exercitum
558 2655 641 2696 raum
655 2642 750 2710 ratus,
766 2641 892 2695 mortem
912 2632 975 2695 sibi
996 2632 1148 2696 consciuit.
1192 2631 1299 2696 Altero
1313 2633 1423 2696 deinde

353 2719 465 2802 proelio
479 2721 573 2782 uictus
587 2719 638 2782 M.
653 2719 769 2782 Brutus
783 2717 887 2799 etipse
901 2718 995 2781 uitam
1005 2717 1121 2796 finiuit,
1136 2725 1262 2781 exorato
1277 2717 1422 2782 Stratone

351 2803 445 2886 sngae
478 2806 656 2879 comitant
688 2803 747 2866 sibi
772 2803 912 2887 gladium
941 2803 1083 2888 adigeret,
1105 2801 1276 2868 ⁸anuorum
1304 2804 1423 2868 circiter

361 2889 577 2974 quadraginta,
594 2890 761 2973 intorques
777 2887 816 2964 Q,
829 2888 1016 2952 Hortcmr‘us
1031 2888 1144 2958 occisus
1159 2899 1213 2952 est.

392 3146 409 3194 5
428 3141 533 3212 Victum]
544 3147 583 3194 Sic
593 3147 661 3194 dedit
668 3145 790 3208 Sigonius,
797 3161 875 3208 quum
906 3147 941 3194 tia
951 3153 988 3194 est
999 3152 1036 3194 tot
1048 3159 1118 3195 vocer
1128 3160 1160 3194 ex
1169 3161 1237 3194 mera
1247 3143 1387 3206 conjectura
1397 3149 1426 3195 in

359 3213 427 3273 prius
446 3213 505 3260 editi
525 3213 642 3260 heberent
655 3214 773 3274 jrsnetrun.
807 3211 875 3258 Nea·
907 3217 1048 3258 contextum
1056 3212 1196 3258 immittere.
1230 3210 1427 3260 'l'umnumerue

360 3283 427 3323 trum
445 3277 524 3336 placet
536 3277 667 3335 Gronovio,
684 3276 791 3337 quilegi
804 3272 875 3337 jubet
907 3276 1066 3335 quadraginta
1089 3276 1225 3336 principum
1245 3275 1425 3333 Romanorum,

359 3340 499 3386 inridiamm
509 3341 645 3388 munitium
679 3340 769 3387 viae.
782 3341 803 3387 l.
815 3345 841 3386 et
851 3340 875 3387 i.
907 3339 950 3399 qui
961 3345 1014 3386 tum
1024 3340 1169 3399 interierint,
1186 3343 1251 3402 apud
1268 3342 1364 3388 nullum
1384 3355 1430 3387 ve·

360 3401 434 3465 huju
445 3404 507 3450 libri.
908 3409 1003 3450 turtum
1022 3405 1163 3464 scriptorem
1182 3407 1317 3466 repet-iture
1345 3406 1428 3452 multa

393 3470 409 3515 6
428 3468 456 3514 T.
468 3467 579 3524 Sestium,
593 3468 756 3516 Omnianarurn
769 3467 876 3528 partiam
907 3469 1000 3525 minue,
1012 3469 1055 3528 qui
1063 3469 1126 3515 idem
1138 3470 1240 3516 iecerint
1251 3471 1316 3530 quod
1324 3469 1428 3526 Brutus,

360 3530 452 3594 ducum]
471 3531 536 3594 Lege
547 3546 604 3580 cum
616 3533 691 3579 Hern.
703 3533 809 3586 volesio,
823 3531 875 3580 Ca·
908 3531 933 3577 id
944 3539 981 3577 est
991 3535 1033 3592 qui
1041 3545 1093 3580 sese
1104 3547 1119 3580 e
1129 3534 1282 3582 suiecaniodi
1289 3533 1425 3581 voluerints

360 3597 511 3646 surianorum
532 3597 646 3656 partium.
691 3597 763 3643 Ratio
784 3595 876 3657 patebit
908 3597 973 3654 quod
989 3597 1087 3656 quidem
1103 3598 1178 3644 etiem
1193 3598 1282 3644 fulsum
1302 3603 1427 3658 putamus.

360 3676 392 3709 ex
402 3661 454 3720 ipse
465 3660 573 3715 historie,
584 3661 657 3715 inire,
669 3673 689 3706 c.
701 3663 746 3707 ult.
909 3657 1028 3719 Denique,
1041 3675 1118 3721 quum
1135 3661 1280 3709 Hortensius
1287 3658 1359 3724 jussu
1373 3663 1427 3707 An-

394 3724 467 3772 urta
488 3729 514 3770 ut
535 3723 617 3771 deutra
639 3726 757 3786 utriusque
777 3722 876 3786 cornero]
909 3723 1073 3772 toniioccieue
1090 3726 1131 3779 eit,
1149 3739 1198 3772 non
1215 3727 1428 3786 potentineorum

361 3788 410 3836 Vel
431 3790 552 3848 utriusque
569 3789 636 3842 aciei,
656 3790 695 3836 vel
717 3793 877 3850 utrorumque,
909 3799 1037 3836 numerum
1056 3790 1150 3848 referri,
1173 3791 1216 3850 qui
1238 3792 1303 3837 idern
1324 3790 1428 3836 iecerint

361 3854 400 3900 rel
411 3853 534 3911 utrimque.
567 3853 735 3900 Granouas.
910 3853 975 3909 quod
996 3853 1094 3900 Brutus.
1138 3855 1352 3914 Repraesentemus
1370 3868 1430 3914 ergo

392 3916 551 3964 Mororum
590 3918 684 3964 circiter
715 3917 878 3978 quadraginta.
910 3914 951 3961 hie
965 3930 1020 3964 enm
1035 3918 1173 3974 lectionem,
1190 3931 1265 3978 quem
1280 3919 1306 3964 ia
1322 3924 1371 3964 vet.
1387 3918 1431 3966 lib.

360 3979 503 4042 interpuor]
525 3981 616 4027 Locum
627 3982 693 4028 hunc
703 3982 878 4028 mutilumesse
911 3977 1024 4039 Sigonius
1043 3995 1068 4030 se
1083 3982 1204 4028 inveniere
1223 3987 1335 4040 teutatem,
1345 3987 1371 4028 et
1386 3995 1431 4028 ex-

360 4045 487 4105 perspicue
507 4051 582 4105 petet.
616 4043 727 4105 Sigonius
746 4060 803 4093 eum
822 4059 879 4105 sup·
910 4047 999 4102 pressit
1026 4046 1053 4092 in
1080 4059 1125 4092 suu
1150 4047 1256 4094 editione
1277 4046 1430 4095 Groneriuee

361 4110 427 4169 plere
437 4116 538 4158 conatus
554 4116 600 4164 est,
612 4105 734 4170 jussitque
744 4111 813 4171 regix
830 4110 879 4158 rto-
910 4108 1035 4170 fletiusque
1046 4111 1116 4156 nobis
1127 4111 1207 4158 visum
1226 4117 1263 4158 est
1282 4123 1395 4158 mancam
1407 4117 1434 4158 et

362 4187 485 4220 manorum
506 4175 644 4234 prtrtcipum
665 4176 759 4222 circiter
780 4174 878 4234 qnadra-
912 4172 1434 4234 hiulcamorationemexhibere‚quumeem

359 4238 431 4298 ginta
441 4237 501 4283 idern
509 4237 626 4298 ficerunt.
642 4238 709 4284 Inter
719 4253 781 4300 prior.
798 4240 878 4299 Atque
912 4251 968 4298 quoe
984 4240 1062 4298 specie
1079 4240 1148 4285 ialsoe
1164 4240 1274 4286 sanitatis
1288 4240 1433 4298 imponeret.

361 4299 426 4347 'hanc
437 4302 631 4348 emendationem
643 4298 758 4364 Dujutius
768 4310 793 4348 et
805 4304 881 4349 Cleri·
914 4302 1066 4349 vetustiores
1077 4305 1193 4350 editiones
1204 4304 1305 4350 habente
1317 4315 1434 4348 annom

364 4377 407 4411 cus
415 4371 565 4424 receperunt.
584 4366 630 4412 Sed
637 4367 716 4426 primo
724 4365 800 4414 nimiu
807 4367 881 4414 licen-
912 4371 961 4414 emt
971 4369 1048 4414 auctr
1057 4368 1150 4416 circiter
1159 4367 1323 4430 quodraginta.
