3056 4976
319 261 363 303 e·
697 243 1012 307 DlSPUTATlO

367 407 420 474 Ex
431 409 614 474 eorumdem
626 407 728 474 Budei
740 423 771 474 et
781 409 940 475 Gronovii
949 407 1054 474 merita
1063 409 1215 498 distingui
1222 409 1415 480 deben'ttses-

160 502 286 554 &utentur
322 496 473 560 tertiuset
484 497 672 560 sestertium.
711 497 879 562 Sestertius
887 497 1036 563 nummus
1045 495 1291 584 fuitargenteus,
1301 513 1416 584 quarta

160 577 305 684 imm
321 604 394 668 pars
409 581 541 649 denarii.
586 583 686 646 Libra
707 605 784 671 ergo
803 585 926 672 argenti
942 583 1088 648 Romana
1103 583 1259 648 censenda
1272 583 1321 648 est
1335 607 1416 672 qua-

322 668 499 756 dringentis
514 671 663 734 sestertiis
679 671 826 734 nummis.
1267 688 1271 695 “

160 749 309 860 δ’ἳῖἷθᾞ»
367 755 550 820 Sestertium
568 777 716 820 nummus
731 779 796 819 non
811 755 879 830 fuit,
893 755 946 819 sed
959 779 1081 821 summa
1092 755 1238 844 quaedam
1255 755 1295 821 ad
1311 756 1414 821 confi·

159 829 193 924 {2¹¹
201 829 313 926 „zffms'
321 841 449 905 ciendae
458 841 655 906 commodius
663 844 800 906 rationes
808 843 997 926 excogitata,
1005 865 1076 929 quaa
1084 843 1211 930 quidem
1222 865 1346 906 summa
1357 865 1417 928 par

295 913 301 927 ⁸
321 941 389 992 erat
402 927 489 993 mille
504 929 651 993 sestertiis
666 931 812 1005 nummis,
829 930 894 992 sive
908 928 1053 994 ducentis
1073 929 1301 1016 quinquaginta
1316 929 1415 994 dena-

321 1015 386 1093 riis,
397 1015 462 1079 sire
476 1015 750 1101 denique'duabus
764 1015 853 1079 libris
870 1015 1023 1079 Romanis
1038 1017 1161 1103 argenti
1172 1037 1245 1079 cum
1256 1014 1402 1080 dimidia.

159 1107 266 1154 renuere
366 1101 513 1166 Pondera
527 1102 643 1167 Graeca
658 1103 867 1177 usitatissima,
881 1115 955 1165 sunt
967 1101 1127 1179 drachma,
1141 1101 1236 1178 mina,
1249 1101 1415 1167 talentum.

160 1173 252 1238 ⁶³⁰⁵·
321 1187 484 1253 Drachma
499 1189 607 1253 Attica
622 1188 739 1273 ubique
752 1189 786 1251 in
802 1203 943 1252 veterum
965 1187 1178 1253 monumentis
1197 1202 1342 1252 censetur
1356 1197 1417 1272 pa'r

160 1275 286 1350 uranus.
321 1273 452 1339 denario
469 1273 628 1342 Romano.
661 1274 726 1340 Sed
737 1288 863 1342 centum
874 1274 1034 1339 drachmre
1046 1285 1137 1339 orant
1149 1275 1182 1336 in
1194 1274 1281 1338 mina
1293 1275 1415 1340 Attica.

160 1339 235 1390 ΜΨ*
323 1361 436 1448 ltaque
451 1362 722 1426 minam‘Atticam
739 1380 847 1445 parem
862 1359 964 1425 facere
977 1360 1128 1426 debemus
1141 1359 1232 1434 librae
1245 1360 1416 1426 Romanas.

159 1458 294 1508 Tarentum.
322 1447 494 1512 Talentum
519 1448 662 1512 Atticum
684 1448 850 1535 sexaginta
874 1448 1030 1515 minarum
1056 1460 1131 1525 erat,
1150 1469 1188 1511 ac
1207 1447 1341 1532 proinde
1356 1469 1416 1533 par

320 1535 486 1620 sexaginta
501 1533 588 1597 libris
605 1533 768 1598 Romanis.
1200 1553 1204 1576 ³
1319 1589 1320 1598 ,

159 1625 199 1670 ¹³⁸
211 1627 293 1673 ⁹¹0⁰·
364 1621 436 1684 Jam
453 1621 492 1684 ad
508 1621 673 1706 pecuniam
691 1619 898 1696 transeamus,
911 1641 1052 1706 eamque,
1065 1620 1165 1707 qualis
1179 1632 1281 1684 stante
1296 1620 1414 1706 repub-

159 1700 213 1736 m
321 1707 382 1770 lica
397 1707 466 1782 fuit,
482 1706 724 1792 perpendamus.
758 1705 913 1771 inferiora
923 1721 1067 1793 tempora
1078 1705 1156 1771 nibil
1168 1705 1209 1771 ad
1224 1716 1415 1791 praeseutern
1450 1767 1454 1772 .

320 1792 566 1876 disputationem
584 1793 753 1877 pertinent.
1260 1841 1263 1846 .
1294 1817 1298 1827 ¹
1469 1861 1472 1868 ¹

366 1880 507 1944 Pecunia
518 1879 650 1966 triplicis
660 1880 785 1966 generis
796 1880 882 1966 apud
896 1880 1058 1944 Romanos
1068 1877 1137 1954 fuit,
1148 1899 1241 1960 aerea,
1253 1891 1415 1968 argentea,

322 1988 427 2031 aurea.
1312 1995 1314 2003 ⁴

160 2065 202 2113 un·
214 2070 280 2118 mae.
369 2053 495 2118 Primus
508 2054 620 2118 Romae
632 2054 766 2141 signavit
776 2047 819 2116 aas
833 2051 959 2118 Servius
970 2053 1108 2118 Tullius.
1140 2054 1244 2118 Antea
1255 2051 1327 2118 rudi
1337 2074 1414 2129 aare,

160 2148 222 2198 Prin.
234 2150 301 2200 Hirr.
321 2138 354 2203 id
370 2152 427 2220 est,
440 2140 547 2204 massis
562 2140 750 2225 quibusdam
763 2141 864 2214 aereis,
876 2160 941 2202 non
953 2141 976 2203 si
1003 2139 1096 2220 natis,
1108 2160 1173 2201 non
1184 2139 1276 2203 unius
1288 2141 1415 2216 formae,

160 2213 218 2322 Ψ·
230 2215 246 2263 ¹·
321 2247 387 2289 non
396 2239 491 2291 certae
500 2226 621 2314 figurae,
635 2249 707 2290 usos
718 2249 784 2291 esse
798 2225 920 2292 Plinius
930 2247 971 2290 ex
1016 2227 1110 2289 imaeo
1123 2242 1285 2290 memorat.
1320 2231 1417 2290 Asses

159 2357 180 2387 c.
189 2279 287 2391 {m
321 2335 341 2376 a
357 2313 466 2378 Servio
478 2312 593 2414 signati
604 2312 691 2377 fuere
702 2313 839 2394 librales,
851 2324 882 2376 et
894 2312 955 2375 hoc
967 2312 1057 2376 initio
1067 2311 1128 2375 fuit
1139 2311 1218 2375 illud
1231 2334 1276 2377 aes
1287 2325 1416 2400 μενεῖ,

159 2409 203 2486 aa
214 2423 295 2472 grave,
320 2398 361 2463 de
376 2421 440 2485 quo
454 2413 546 2464 toties
560 2400 645 2484 apud
657 2412 778 2475 veteres
789 2399 956 2484 scriptores
969 2399 1086 2464 mentio
1098 2399 1244 2475 occurrit,
1257 2398 1343 2486 quod
1359 2421 1416 2483 ap-

158 2487 280 2586 fi¹3⁶m⁸¹
321 2486 417 2569 pendi
433 2509 497 2551 non
513 2487 715 2551 annumerari
737 2487 865 2551 solebat.
912 2486 1079 2572 Signatum
1094 2497 1142 2548 est
1162 2497 1240 2549 nota
1260 2487 1415 2568 pecudum,

193 2542 261 2644 rnen.
320 2571 411 2650 bove,
428 2573 476 2636 vel
498 2595 567 2650 ove,
590 2573 637 2637 vel
660 2597 726 2650 sue,
749 2572 833 2637 unde
854 2573 1034 2654 etpumia
1055 2569 1222 2658 appellata.
1269 2571 1416 2635 Percussi

158 2629 225 2756 31:¹¹5:
235 2647 261 2680 ¹¹¹
321 2680 449 2746 quoque
464 2672 539 2723 sunt
553 2660 702 2732 semisses,
718 2673 750 2722 et
764 2659 902 2734 trientes,
919 2671 949 2723 et
965 2659 1164 2745 quadrantes,
1180 2659 1247 2744 ejus
1262 2657 1416 2743 ponderis

321 2747 405 2830 quod
421 2745 550 2809 nomine
564 2746 633 2829 ipso
656 2745 823 2808 indicatur.
870 2744 945 2809 Hac
964 2744 1030 2808 sola
1043 2743 1179 2830 pecunia
1193 2745 1241 2808 usi
1256 2757 1330 2809 sunt
1348 2743 1416 2808 Ro·

157 2833 219 2883 rua
231 2834 288 2883 ibid·
320 2830 407 2894 mani
425 2830 466 2895 ad
482 2831 524 2908 Q.
540 2830 604 2896 sive
620 2831 658 2896 C.
676 2831 824 2912 Fabium,
841 2831 882 2908 Q.
900 2830 1077 2916 Ogulnium
1100 2830 1255 2908 consules,
1271 2830 1416 2917 quinque

320 2919 410 2980 annis
425 2931 500 2982 aute
514 2919 652 3003 primum
670 2918 826 2982 Punicum
842 2917 969 2982 bellum.
1066 2935 1069 2946 ·

156 2999 292 3076 amentum
364 3002 450 3067 Tum
461 3004 584 3068 devicto
600 3004 721 3090 Pyrrho
732 3019 765 3069 et
775 3005 968 3082 Tarentinis,
980 3025 1077 3092 quum
1090 3004 1228 3068 Romani
1240 3015 1338 3068 totam
1345 3003 1414 3088 jam

157 3071 279 3178 {ffilm
320 3089 445 3176 Italiam
462 3089 597 3178 imperio
612 3091 885 3176 amplecterentur,
898 3093 997 3155 auctis
1012 3114 1155 3156 successu
1169 3113 1275 3156 rerum
1288 3089 1416 3174 opibus,

157 3197 266 3253 ueneni,
319 3188 487 3262 argentum
500 3179 616 3264 signari
629 3194 780 3262 creptum,
793 3173 929 3259 denarii,
939 3178 1086 3265 quinarii,
1097 3177 1239 3255 sestertii,
1251 3189 1283 3240 et
1294 3176 1416 3261 placuit

157 3260 270 3339 quinarii,
318 3260 483 3328 denarium
499 3285 558 3350 pro
573 3264 681 3330 decem
705 3265 793 3329 libris
807 3265 892 3341 aeris,
908 3265 973 3329 'sive
987 3265 1105 3329 assibus
1119 3263 1286 3328 libralibus
1301 3263 1415 3326 ambu-

156 3330 266 3372 ⁸“““¹¹'
317 3347 401 3425 lare;
425 3349 616 3435 quinarium,
627 3354 681 3439 qui
698 3366 805 3436 postea
820 3365 852 3416 et
866 3352 1048 3416 victoriatus
1063 3351 1165 3414 dictus
1180 3363 1236 3428 est,
1248 3371 1308 3433 pro
1320 3351 1415 3436 quin-

318 3457 396 3520 que3
421 3439 597 3502 sestertium
613 3460 673 3524 pro
684 3438 860 3523 dupondio,
873 3438 937 3502 sive
947 3437 1074 3501 duobus
1083 3438 1213 3515 assibus,
1226 3451 1258 3501 et
1268 3439 1415 3502 semisse:

341 3522 403 3586 uod
418 3537 451 3588 et
466 3525 535 3610 ipsa
549 3527 679 3588 nomina
700 3537 864 3589 testantur.
911 3523 1001 3588 Hinc
1023 3536 1156 3608 apparet
1169 3536 1287 3611 quanta
1301 3524 1416 3607 primis

284 3618 286 3622 ’
318 3543 380 3672 illis
395 3611 590 3696 temporibus
613 3611 736 3698 argenti
758 3611 869 3675 raritas
887 3611 1011 3688 Romae,
1027 3625 1058 3674 et
1073 3633 1168 3695 quam
1188 3611 1328 3674 immane
1340 3632 1415 3694 pre-

234 3773 240 3784 ·
319 3694 397 3760 tium
414 3696 518 3762 fuerit.
557 3697 665 3774 Quum
682 3697 905 3761 enimcentum
920 3695 1414 3781 denarii,utsupradiximus,·in

156 3772 214 3820 ⁰¹¹⁸
224 3772 284 3850 ¹¹l¹⁸
318 3781 431 3846 libram
448 3786 569 3870 argenti
583 3784 825 3866 imputarentur,
839 3785 986 3848 denarius
998 3797 1102 3848 autem
1114 3783 1223 3846 decem
1238 3782 1327 3845 libris
1342 3783 1417 3846 oeris

156 3851 228 3950 3⁸1?ss
230 3845 301 3951 ⁸121?ss
320 3873 580 3956 aequipararetur,
605 3869 746 3952 sequitur
768 3870 906 3957 singulas
928 3871 1050 3958 argenti
1072 3870 1169 3934 libras
1191 3868 1326 3933 millenis
1342 3869 1416 3933 seris

157 3969 217 4016 aria
320 3956 410 4020 libris
426 3957 532 4040 primb
546 3957 714 4019 aestimatas
730 3955 832 4021 fuisse.

366 4042 430 4108 Sed
445 4063 509 4104 non
525 4041 569 4107 ita
584 4039 685 4105 multo
700 4055 771 4126 post
787 4054 906 4107 mutata
920 4063 969 4108 res
985 4057 1042 4120 est,
1053 4055 1085 4107 et
1099 4045 1236 4128 pretium
1252 4041 1325 4116 aeris
1341 4064 1416 4106 auc-

319 4142 402 4208 tum,
413 4149 477 4191 non
491 4140 554 4192 tam
566 4126 766 4194 affluentibus
777 4127 904 4214 divitiis,
914 4152 1012 4215 quam
1024 4143 1158 4215 urgente
1171 4123 1289 4214 inopia.
1322 4127 1416 4192 Bello

319 4215 404 4280 euim
422 4213 546 4279 Punico
559 4215 674 4299 primo,
690 4239 788 4302 quum
812 4216 961 4301 impensis
976 4211 1154 4301 respublica
1167 4238 1231 4281 non
1248 4213 1415 4292 sufficeret,

400 4425 412 4465 Ε
424 4423 477 4472 vid.
490 4424 641 4486 appendicem
653 4427 681 4473 de
694 4440 738 4472 rere
749 4425 815 4484 gravi
827 4427 883 4472 huie
895 4426 1052 4488 disputationi
1063 4439 1077 4474 a
1088 4427 1157 4476 nobis
1169 4424 1329 4483 subjunctam.
