3120 4984
415 223 511 284 tre.
538 206 650 284 'rturu
677 222 779 289 cnr.
804 222 954 283 xxvru.
1079 223 1081 230 ⁴
1171 229 1230 293 147

157 385 301 475 quinque
323 386 457 454 millium
483 389 627 476 equiturn
652 410 750 474 opera
772 399 896 456 tontum
921 388 968 453 uti
993 409 1117 478 regem:
1148 409 1371 462 oon-uum

156 487 301 539 temnere
325 475 562 542 multitudinem
585 473 691 540 aliam.
735 474 831 546 Quod
847 473 902 538 ubi
917 474 1065 540 audivere
1085 473 1263 555 barbari,Aa
1277 471 1307 525 α
1320 475 1376 526 ¹⁶⁸·

157 572 336 628 ceterorum
366 562 494 648 quidem
521 563 665 628 fremitus
690 561 758 638 luit,
782 562 1016 645 indignantium
1047 584 1080 628 se
1108 561 1225 628 frustra

156 650 281 713 excitos
310 648 436 714 sedibus
462 649 543 713 suis:
568 648 742 714 Clondicus
766 670 873 712 rursus
899 647 1086 738 interrogat,
1109 649 1223 734 ecquid

154 735 232 819 ipsis
246 735 387 822 quinque
399 733 550 817 millibus,
566 735 654 822 quod
668 735 873 812 convenisset,
883 733 1089 802 numeraret?
1112 735 1223 812 Quum

154 820 308 886 adversus
323 823 355 886 id
371 844 498 910 quoque
518 823 643 887 misceri
663 821 809 910 ambages
830 836 982 900 cerneret,
998 821 1151 888 inviolato
1166 821 1223 886 fal-

153 906 216 970 laci
241 910 371 986 nuncio,
403 909 502 995 (quod
528 909 582 972 vix
611 923 791 994 speraverat
814 909 882 994 ipse
903 931 995 994 posse
1023 911 1220 996 contingere)

152 1009 240 1058 retro
254 993 294 1058 ad
312 994 443 1076 Istrum,
457 995 658 1080 perpopulati
675 993 858 1070 Thraciam,
874 1017 939 1081 qua
954 996 1056 1061 vicina
1070 1010 1140 1060 erat
1151 997 1221 1074 viae,

153 1080 330 1146 redierunt.
376 1083 460 1158 Quae
480 1103 602 1159 manus,
619 1081 727 1168 quieto
748 1081 915 1146 sedenter
957 1083 1034 1148 ead
1051 1082 1220 1169 Enipeum,

151 1167 304 1232 adversus
328 1169 489 1233 Romanos
504 1167 530 1208 ⁴⁸
541 1168 734 1236 Perrhaebiae
756 1168 869 1234 saltum
889 1169 923 1232 in
972 1169 1136 1234 besseliam
1157 1184 1222 1234 tra·

151 1253 263 1337 ducta,
278 1278 344 1320 non
360 1277 455 1341 agros
471 1267 595 1320 tautum
611 1256 732 1320 nudare
753 1251 940 1339 populando
954 1259 1069 1340 potuit,
1084 1278 1125 1320 ne
1140 1278 1220 1342 quos

151 1341 229 1405 inde
245 1343 385 1424 Romani
406 1357 601 1407 commeatus
620 1355 855 1427 exspectarent,
870 1344 923 1406 sed
940 1344 1021 1428 ipsas
1036 1343 1222 1408 exscindere

152 1427 259 1506 urbes,
282 1441 408 1494 tenente
433 1431 474 1494 ad
502 1428 662 1513 Enipeum
684 1429 799 1493 Perseo
827 1430 1000 1507 Romanos,
1025 1451 1065 1494 ne
1089 1429 1222 1495 urbibus

150 1515 246 1580 sociis
260 1516 410 1600 opitulari
424 1532 563 1601 possent.
610 1516 691 1602 Ipsis
713 1537 841 1601 quoque
863 1515 1016 1580 Romanis
1030 1515 1071 1580 de
1086 1539 1119 1581 se
1133 1537 1171 1580 co
1195 1517 1220 1580 i-'

149 1600 287 1667 tandum
306 1603 434 1668 ¹luisset:
458 1602 587 1689 quaudo
613 1623 716 1688 neque
738 1624 876 1679 manere,
903 1603 1018 1670 amissa
1045 1540 1219 1679 Thessalia,

149 1689 240 1754 unde
262 1690 419 1754 exercitus
443 1689 596 1766 alebatur,
616 1689 800 1773 potuissent,
816 1699 919 1776 neque
942 1690 1102 1776 progredi,
1119 1711 1221 1775 quum

149 1777 193 1840 e'x
221 1775 354 1841 adverso
383 1791 487 1841 castra
519 1776 734 1841 Macedonum
752 1779 823 1838 m.
857 1779 912 1862 qui
941 1800 979 1841 ea
1007 1778 1222 1862 pependerant

148 1883 218 1947 spe,
234 1861 320 1928 haud
335 1861 537 1927 mediocriter
550 1861 736 1927 debilitavit.
783 1861 905 1927 Eadem
920 1863 1051 1928 avaritie
1065 1862 1219 1929 Gentium
1229 1883 1381 1931 censumar

148 1971 260 2037 regem
284 1949 344 2014 sibi
368 1949 526 2015 alienavit
549 1970 636 2030 nam,
660 1971 758 2036 quum
781 1949 956 2014 ”trecenta
980 1949 1099 2016 talenta
1122 1948 1341 2026 peuaerraudem

146 2037 253 2100 missia
268 2059 287 2100 a
302 2037 421 2101 Gentio
441 2051 648 2114 numerasset,
664 2037 789 2122 signare
812 2059 866 2100 eos
888 2038 1057 2121 pecuniam
1084 2015 1330 2122 passusf.¹¹¹¹”¹¹¹‘'

149 2121 232 2188 Inde
246 2123 355 2186 decem
372 2122 489 2188 talenta
503 2121 578 2188 ⁵⁰ad
597 2121 819 2188 Pantauchum
842 2124 945 2200 missa,
961 2146 1060 2211 eaque
1081 2146 1220 2210 praeseu-

147 2210 196 2274 tia
216 2208 287 2274 dari
310 2209 378 2297 regi
398 2211 509 2296 jussit:
533 2208 686 2295 reliquam
710 2209 891 2295 pecuniam,
912 2210 1066 2309 signatam
1091 2211 1220 2297 Illyrio-

148 2317 224 2362 rum
240 2296 341 2381 signo,
359 2296 561 2382 portantibus
577 2296 641 2360 suis
680 2296 812 2381 rescipit,
827 2295 932 2381 parvis
947 2297 1114 2362 itineribus
1125 2297 1220 2362 vehe-

149 2395 234 2447 rent.
256 2383 342 2460 dein,
358 2404 457 2470 quum
480 2383 522 2447 ad
543 2381 639 2446 linem
697 2382 860 2447 acedoniae
881 2395 1010 2447 ventum
1032 2395 1122 2460 esset,
1146 2385 1221 2448 sub-

149 2471 298 2536 sisterent
312 2471 367 2548 ibi,
384 2493 422 2535 ac
436 2470 569 2535 nuncios
591 2469 632 2533 ab
654 2490 689 2534 se
711 2468 944 2553 opperirentur.
990 2468 1138 2548 Gentius,
1154 2471 1221 2536 exi·

197 2571 326 2641 aparte
347 2557 492 2643 pecuuiae
515 2570 655 2640 accepta,
682 2578 780 2642 quum
805 2555 947 2620 assidue·
964 2555 1154 2622 Pantaucho
1179 2558 1220 2622 ad

163 2645 348 2712 acassendos
362 2642 470 2709 hostili
491 2643 576 2708 facto
591 2642 757 2708 Romanos
772 2642 999 2720 stimularetur,
1016 2642 1067 2708 M.
1085 2642 1221 2728 Perper·

148 2744 269 2796 namet
286 2731 325 2795 L.
343 2730 504 2796 Petillium
522 2730 652 2818 legatos,
663 2730 719 2817 qui
734 2743 802 2795 tum
817 2729 899 2794 forte
913 2730 953 2794 ad
969 2751 1040 2795 eum
1056 2745 1220 2808 venerant,

148 2817 184 2880 in
208 2817 385 2883 custodiam
411 2818 556 2904 conjecit.
602 2817 677 2882 Hoc
704 2817 824 2893 audito,
853 2816 996 2895 Perseus,
1024 2817 1223 2884 contraxisse

147 2925 224 2968 eum
239 2905 440 2969 necessitates
462 2917 549 2970 ratus
570 2903 611 2968 ad
632 2902 750 2968 bellum
773 2905 883 2991 utique
905 2926 977 2968 cum
996 2904 1164 2982 Romanis,
1180 2905 1220 2976 ad

148 2990 377 3069 revocandum,
392 2990 482 3078 ⁶¹qui
507 2991 676 3076 pecuniam
705 2992 864 3076 portabat,
891 2992 993 3056 misitz
1024 2992 1113 3057 velut
1140 2991 1222 3056 nihil

149 3077 237 3142 aliud
268 3099 375 3164 agens,
400 3098 496 3164 quam
526 3091 571 3153 ut,
593 3090 712 3161 quanta
741 3079 884 3142 maxima
909 3091 1025 3162 posset,
1046 3078 1157 3163 praeda
1179 3101 1221 3144 ex

149 3165 237 3230 victo
255 3165 409 3230 Romanis
424 3180 646 3230 reservaretur.
692 3162 736 3228 Et
750 3164 791 3228 ab
808 3163 953 3228 Eumene
968 3163 1113 3247 Eropon,
1128 3165 1220 3254 igno·

150 3251 202 3330 tis,
219 3274 292 3339 quae
312 3250 436 3316 occulte
457 3264 528 3316 acta
550 3262 651 3330 erant,
671 3249 764 3314 redit.
809 3250 863 3316 De
884 3250 1017 3335 captivis
1032 3263 1140 3315 actum
1155 3273 1221 3316 esse

149 3351 183 3410 et
199 3339 261 3424 ipsi
283 3338 518 3426 evulgaverunt,
534 3349 566 3402 et
581 3336 740 3402 Eumenes
762 3335 935 3416 consulem,
951 3336 1105 3402 vitaudae‘
1121 3338 1220 3424 suspi-

148 3423 250 3492 cionis
265 3447 388 3503 caussa,
404 3425 571 3508 certiorem
583 3423 665 3489 fecit.

195 3512 368 3580 XXVIII.
393 3511 537 3591 Perseus,
561 3525 634 3597 post
655 3511 793 3576 reditum
817 3512 857 3577 ab
884 3511 1030 3576 Eumene
1046 3511 1385 3598 Eropoutiscrasstst’er·

281 3637 357 3684 ‘add
368 3639 402 3684 est
410 3636 484 3682 Gron.
551 3634 618 3681 'int-
629 3635 807 3684 aGron.Crev.
872 3631 1006 3682 tremam
1013 3634 1088 3681 Gron.
1228 3596 1270 3642 'ei‘

182 3757 215 3805 ts
232 3755 375 3804 Perrhaebia
393 3755 502 3802 mum.
525 3785 531 3799 .
552 3751 670 3802 ‚traduc-
702 3766 759 3799 cum
771 3753 902 3808 Gronovio‚
915 3753 988 3799 mtrt‘t.
1012 3751 1150 3812 Iniisquae
1161 3765 1224 3812 prte-

148 3823 185 3885 to]
203 3824 323 3869 Gruterus
340 3822 471 3881 legendum
488 3820 613 3866 existimat
626 3829 671 3876 prr
702 3819 801 3873 cedunt,
812 3819 905 3878 vulgati
916 3830 982 3864 nnnc
993 3818 1083 3864 habent
1090 3821 1224 3877 pararat,

148 3886 297 3934 Perrhoebt'oe.
331 3887 378 3934 Sed
387 3885 447 3932 nibil
459 3885 615 3931 mutandum.
632 3881 671 3928 Sic
704 3883 747 3928 sed
762 3883 846 3930 invitis
862 3882 985 3930 veteribus
999 3881 1156 3937 editionibus,
1168 3895 1224 3944 qure

148 3953 213 3998 dixit
235 3952 322 3999 Livius
343 3949 452 3998 traducta
469 3946 606 3995 Perrhoehioe
623 3945 670 3993 rul-
702 3949 793 3994 habaut
811 3948 983 3994 tantummodo
1000 3960 1094 4008 parur,
1106 3952 1168 3994 teste
1184 3960 1226 3996 eo.-

148 4013 449 4072 tumuttxxtets.
481 4013 577 4061 Iberum
592 4014 669 4074 copies
702 4013 758 4058 dem
769 4012 900 4058 Grouovto.

149 4083 249 4144 trajecit.
294 4080 399 4142 Regitur
426 4091 515 4138 nempe
537 4090 627 4124 nomen
655 4089 670 4121 a
734 4075 765 4122 ⁵1
785 4075 832 4131 Qut
851 4077 978 4136 pomulam
996 4073 1118 4137 pertubat]
1145 4075 1225 4124 Corri-

149 4147 321 4207 propositione
333 4161 390 4207 quae
401 4145 474 4192 verbo
486 4139 601 4204 adjuncta
608 4149 654 4190 ast.
702 4148 765 4200 gunt
772 4136 888 4201 Dujatius
899 4147 924 4186 et
933 4141 987 4188 Iac.
999 4139 1137 4188 Gronovius
1143 4144 1226 4202 porta·

182 4209 215 4258 49
235 4211 346 4258 Trecenta
376 4210 477 4273 teberto]
511 4207 608 4254 Morcus
633 4221 671 4252 ar·
704 4203 980 4265 taatproptereaqueu
1000 4206 1226 4266 proceditpertea·

148 4275 219 4336 genti
235 4282 356 4322 nostrates
375 4274 464 4324 28125.
491 4273 586 4320 Decem.
605 4271 671 4318 Mar-
705 4270 766 4316 tibur
784 4271 843 4318 ruis.
887 4270 936 4330 Sed
956 4272 998 4318 hic
1020 4276 1101 4332 potest
1121 4270 1227 4331 intelligi

148 4339 388 4389 matt-uncina.
705 4335 756 4382 dux
765 4348 850 4383 eorum
862 4337 905 4396 qui
916 4337 1044 4396 pecuniam
1056 4337 1193 4398 portabunt

182 4405 215 4452 60
231 4404 272 4452 Ad
298 4404 463 4453 Pantauchum
494 4402 578 4466 mum]
608 4401 672 4464 Lege

753 4473 810 4528 1.ss
