3042 4980
301 301 307 304 ,
453 219 837 308 *pensauro
1126 281 1129 288 .
1169 194 1210 306 ix

50 469 52 473 ·
127 428 561 529 modumprmmciam
583 437 683 518 snut,
708 429 889 508 alicunde
910 427 1094 517 nancisci,
1114 419 1209 504 nihii

19 573 20 576 ’
128 545 283 624 dubium
299 569 388 620 csse
403 554 541 645 potest,
555 546 649 646 quin
665 545 739 622 illa
757 547 920 624 totidem
935 535 1057 622 verbis
1074 541 1209 620 lectori

19 745 21 758 p
127 659 330 742 reddendae
345 661 433 749 sint,
445 686 569 761 neque
585 661 625 736 in
640 661 808 760 ipsarum
823 662 952 737 locum
968 657 1136 736 ludentis
1154 657 1211 732 in·

20 845 21 848 a
126 775 220 872 gni
234 777 352 850 smtrrs
364 776 619 875 supponendi.
644 776 869 876 Itaquenou
884 773 1107 874 negabimus
1123 795 1211 872 pec„

126 913 230 966 casse
255 887 447 980 Tacitum,
470 891 544 991 qui.
561 891 602 967 in
617 893 643 967 l.
662 891 737 968 XI.
754 891 859 970 Ann.
876 916 912 967 c.
929 897 990 968 24.
1043 886 1210 966 Claudio

19 1085 20 1108 ζ
125 1003 347 1103 Imperatori
364 1006 527 1083 alienam
541 1019 581 1084 et
600 1007 771 1086 fictitiam
793 1005 963 1084 tribuerit
984 1003 1207 1092 orationem,

125 1145 241 1218 quum
260 1143 348 1198 vera
365 1133 541 1212 exstaret,
560 1123 671 1219 cujus
687 1123 893 1200 etiamnum
917 1109 1126 1220 fragmenta
1141 1119 1209 1193 ha·

19 1247 21 1342 ὲ
125 1235 268 1312 beram.
321 1237 401 1315 Sed
422 1237 641 1315 sirenarum
666 1239 779 1340 copia
806 1263 886 1316 non
911 1236 971 1328 sit,
989 1261 1070 1312 non
1094 1233 1361 1318 videomram-

19 1343 21 1430 ἶ
124 1375 226 1440 sane,
244 1377 317 1428 cnr
329 1361 475 1428 vetetur
489 1353 525 1428 is
538 1353 605 1453 qui
622 1354 817 1430 historiam
834 1352 974 1441 scribit,
993 1376 1083 1428 snas
1100 1359 1140 1426 et
1156 1328 1292 1440 affl*
1302 1321 1329 1370 ι’

19 1533 20 1576 3
125 1466 379 1544 excolendum
395 1468 574 1557 animum,
588 1477 627 1544 et
640 1470 689 1544 ad
707 1469 923 1546 acuendum
934 1465 1127 1565 ingenium
1139 1490 1209 1541 sa·
1267 1471 1269 1479 ’

19 1587 20 1592 ’
124 1606 168 1680 pe
192 1585 409 1680 profuturas
432 1584 622 1660 orationes
646 1587 778 1661 offerre
802 1584 947 1673 lectori,
973 1607 1091 1683 quum
1117 1605 1210 1682 proe·

19 1769 20 1794 p
124 1698 249 1773 sertim
263 1709 302 1774 et
317 1699 357 1774 in
369 1725 435 1776 eas
446 1700 584 1798 conjici
597 1702 799 1778 commode
815 1699 965 1801 possint
976 1695 1210 1803 sapientissi-

124 1839 183 1888 ma
204 1815 383 1914 quadam
401 1815 547 1892 monita
563 1841 609 1891 ac
632 1827 818 1915 precepta
833 1841 882 1892 ex
905 1814 997 1914 ipsis
1022 1815 1210 1890 factorum
1311 1879 1314 1884 ,

124 1929 331 2005 visceribus
359 1931 565 2020 nascentia,
583 1956 668 2031 qne
698 1942 826 2008 tamen
854 1931 951 2008 inter
978 1929 1210 2005 narrandum

125 2054 293 2121 attexere
308 2046 463 2133 minime
480 2048 680 2139 decuerat3
703 2045 918 2146 miogenis,
938 2055 1074 2134 mores,
1094 2041 1210 2118 animi

124 2160 267 2236 ducum
283 2185 329 2238 ac
350 2163 578 2262 populorum
601 2162 758 2266 propius
784 2163 833 2238 ed
856 2172 999 2238 naturae
1016 2158 1211 2236 veritatem
1248 2177 1250 2186 ’

19 2291 20 2324 t
123 2275 301 2374 exprimi3
329 2289 367 2352 et
384 2300 471 2353 vero
490 2302 615 2353 causa
630 2276 705 2352 iltae
721 2277 860 2379 quibus
886 2277 1069 2353 bellorum
1087 2275 1207 2372 origo,

19 2409 20 2418 ¹
123 2399 164 2463 et
195 2391 423 2468 celeberrimi
452 2391 593 2491 quique
621 2402 779 2468 eventus
813 2393 1064 2480 continentur,
1093 2400 1210 2490 atque
1267 2487 1269 2492 Ι

19 2509 20 2512 ’
126 2503 238 2578 etiam
257 2505 420 2582 consilia
434 2531 483 2584 ex
505 2504 645 2604 quibus
669 2506 773 2582 iacta
795 2507 950 2596 fluxere,
970 2505 1122 2584 liberius
1141 2529 1209 2582 co·

122 2618 343 2719 piosinsque
371 2622 533 2699 tractari.
585 2621 653 2698 Ad
682 2622 762 2699 haec
790 2633 849 2699 tot
877 2623 1080 2721 commoda
1111 2618 1210 2698 illud

122 2757 277 2834 quoque
288 2737 449 2828 accedit,
464 2738 571 2836 quod
589 2736 629 2812 in
646 2736 781 2814 iisdem
794 2737 947 2814 velutin
959 2733 1210 2837 amoenisqui·

122 2849 284 2926 busdam
295 2851 538 2940 diverticulis,
551 2861 733 2950 perpetua
749 2853 963 2927 narratione
980 2851 1210 2950 defatigatus
1246 2871 1250 2878 ·

121 2965 312 3044 interdum
328 2968 478 3044 lectoris
494 2967 643 3044 animus
659 2967 880 3044 suavissime
895 2967 1144 3067 conquiescit.

19 3087 20 3181 j
171 3082 220 3158 ld
232 3083 606 3160 tantumcavendum
623 3092 681 3157 est
695 3082 839 3171 lectori,
853 3107 902 3158 ne
915 3107 963 3158 ex
976 3082 1210 3160 orationibus
1360 3119 1365 3128 ¹

121 3196 222 3272 sacta
239 3221 281 3272 se
306 3198 453 3274 sincera
474 3207 513 3274 et
534 3197 750 3297 inconupta
772 3197 918 3274 haurire
941 3223 1058 3299 posse
1083 3197 1210 3276 existi·

120 3322 209 3402 met,
228 3337 315 3411 qna
333 3313 373 3388 in
393 3312 441 3388 iis
461 3313 503 3388 in
528 3312 652 3408 majus
678 3322 800 3403 aucta,
821 3313 881 3390 vel
903 3323 1108 3414 extenuata
1128 3339 1208 3390 rer-

121 3426 192 3518 bis,
206 3429 258 3506 ad
275 3427 455 3506 invidiam
470 3429 677 3528 gratiamve
688 3429 898 3520 decurtata,
913 3431 1117 3532 depravata
1131 3428 1208 3530 pla

19 3561 20 3564 ‘
119 3567 280 3643 rumque
312 3545 557 3643 reperiuntur.
609 3543 811 3622 Orationes
843 3570 920 3622 non
951 3555 1131 3646 tanquam
1160 3569 1208 3622 ex

120 3658 316 3758 scriptoris
341 3685 505 3759 persona
525 3659 648 3760 accipi
671 3660 823 3752 debent,
841 3663 907 3738 sed
930 3661 1088 3757 exejus,
1106 3657 1207 3760 quis·

118 3774 206 3872 quis
231 3775 298 3854 ille
318 3786 389 3864 est,
408 3803 523 3877 quem
541 3777 701 3877 scriptor
724 3776 944 3878 loquentem
964 3775 1067 3852 facit.
1118 3773 1209 3874 Ipse

118 3890 324 3966 narrationi
334 3893 463 3982 fidem,
477 3893 709 3970 orationibus
722 3905 900 3993 praestare
910 3895 1023 3969 debet
1031 3892 1209 3991 eloquen-
1319 3911 1324 3918 ·

119 4003 224 4084 tiam.
265 4007 306 4084 Si
321 4007 479 4106 quando
492 4021 620 4088 tamen
635 4009 709 4086 hac
722 4009 897 4087 libertate
913 4008 1016 4086 abuti
1029 4006 1129 4084 visus
1148 4016 1208 4084 est

120 4118 266 4210 Livius,
282 4121 323 4196 id
342 4123 539 4202 observare
555 4124 595 4204 in
610 4127 712 4202 notis
726 4149 805 4202 non
819 4123 1064 4226 negleximus.

173 4236 227 4313 At
250 4237 631 4356 euinquijdirectas
655 4241 859 4338 conciones
873 4240 988 4344 ⁴operi
1014 4265 1083 4318 suo
1109 4238 1205 4318 inse·
