3042 4980
135 225 137 230 ,
189 303 192 312 ,
271 182 310 278 ,ιι
656 159 1000 274 Panemo.
1115 181 1116 188 ‘

271 403 357 458 mus
374 380 505 458 tertius
531 379 636 487 liber,
655 390 693 457 et
717 407 857 482 magna
879 403 972 481 pars-
983 374 1272 482 quadragesimi,
1290 377 1358 480 qui

223 551 231 578 ,ι
273 496 470 606 liniebatur
486 495 526 572 in
542 496 601 591 bis
614 495 735 573 verbis
753 521 838 596 cap.
857 505 917 572 37.
929 522 1000 598 per
1010 495 1358 592 msiasoraconci·

270 613 473 711 linbiloque
495 615 697 689 edismrt.
750 614 867 690 Anno
885 611 1127 688 MDXVlll.
1147 610 1358 709 Magantire

269 750 319 802 ex
330 727 558 802 membranis
570 727 811 804 bibliothece
828 728 868 802 in
885 730 969 803 aede
985 726 1126 802 ibidem
1139 724 1309 810 maxima
1321 732 1360 799 et

271 840 580 942 Metropolitaua,
597 842 649 922 D.
663 842 821 920 Martini
838 842 1041 944 appellata,
1055 840 1189 917 addita
1200 851 1258 916 est
1271 863 1358 938 pars

270 955 355 1032 libri
380 957 481 1034 tertii
506 970 544 1033 et
569 957 750 1056 trigesimi
774 959 824 1054 ab
849 957 908 1034 his
926 958 1048 1033 verbis
1067 983 1152 1057 cap.
1171 965 1228 1035 17.
1243 957 1359 1032 arctis

121 1157 129 1174 ‚
256 1072 435 1171 saucibus
459 1074 640 1150 ἰοΙιιιιιιιι
666 1071 902 1162 Acarrroniae,
928 1073 1013 1171 (etsi
1036 1073 1114 1149 illic
1136 1072 1281 1172 legitur,
1308 1071 1358 1146 iis
1397 1079 1400 1086 “

262 1187 434 1290 partilem
444 1187 639 1288 cchaerenr)
650 1197 689 1264 et
699 1191 807 1288 quod
821 1192 949 1267 deerat
959 1189 1054 1266 libro
1064 1186 1356 1296 quadragesimo

246 1325 391 1402 'usque
407 1303 458 1378 ad
475 1301 601 1380 tinem.
654 1304 792 1378 Annus
817 1304 989 1400 ejusdem
1014 1305 1134 1382 seculi
1158 1303 1300 1404 primus
1317 1309 1357 1376 et

142 1511 144 1515 Ι
267 1417 480 1517 trigesimus
496 1442 599 1493 novo
617 1441 764 1494 mrsum
780 1442 852 1495 nos
865 1428 1050 1518 proventu
1067 1418 1203 1495 beavit.
1253 1417 1356 1492 Tum

267 1535 308 1612 in
326 1531 512 1609 Helvetiis
530 1531 663 1628 Simon
679 1531 865 1632 Grynaeur
885 1524 1039 1610 ultimos
1056 1532 1224 1634 quinque
1240 1531 1355 1607 libros

265 1657 433 1749 repertos
449 1647 490 1723 in
507 1647 736 1723 membranis
752 1648 855 1747 apud
873 1647 1142 1724 monasterium
1159 1645 1353 1722 Laurisse·
1393 1738 1396 1741 Α

229 1779 233 1788 ’
266 1787 371 1851 num,
390 1761 503 1860 vulgo
521 1759 738 1851 Lorsseuse,
756 1788 779 1837 e
794 1761 948 1860 regione
963 1762 1230 1861 Borbetomagi
1248 1769 1354 1838 trans

127 1879 128 1884 ’
189 1925 192 1930 ·
266 1877 458 1965 Rhenum,
473 1900 541 1975 per
550 1876 743 1953 Joannem
755 1875 985 1953 Frobenium
996 1877 1139 1977 publici
1145 1877 1241 1976 juris
1253 1877 1355 1954 lecit.

262 1989 444 2092 Denique
460 2015 560 2067 anno
580 1990 792 2068 MDCXV.
805 1993 842 2070 J.
861 1989 1043 2082 Horrion,
1057 1991 1249 2070 societati·
1261 1993 1354 2069 Jesu

263 2106 458 2194 sacerdos,
479 2105 697 2206 Bambergoe
714 2105 807 2182 dum
824 2107 993 2206 singulos
1010 2107 1248 2184 bibliothecae
1260 2107 1354 2208 pub·

56 2253 61 2264 ·
139 2269 140 2277 ι
265 2218 349 2298 licae
378 2221 533 2298 codices
562 2221 716 2311 excutit,
749 2221 887 2299 'incidit
913 2223 954 2299 in
984 2225 1231 2312 membranas,
1267 2249 1354 2322 quae

179 2379 181 2391 ·
263 2336 479 2436 complures
496 2336 545 2416 T.
561 2335 660 2412 Livii
677 2336 806 2427 libros,
820 2337 860 2414 in
873 2338 932 2414 his
945 2350 1089 2440 partem
1099 2340 1270 2439 ,priorem
1282 2349 1353 2416 ter·
1387 2401 1394 2412 .

264 2450 307 2528 tii
322 2463 360 2529 et
376 2451 555 2552 trigesimi
577 2452 704 2528 adhuc
731 2452 987 2532 desideratam
1012 2455 1221 2544 servabant,
1239 2480 1353 2555 quem

184 2651 194 2664 .
265 2566 414 2644 duobus
430 2559 645 2668 post'annis
663 2567 918 2645 Paderbomoe
936 2569 1112 2668 vulgavit.

316 2681 413 2758 Haec
431 2684 481 2760 ad
499 2707 572 2760 nos
590 2706 639 2757 ex
655 2681 814 2758 Liviana
838 2683 993 2758 historia
1009 2692 1270 2812 pervenerunt,
1289 2684 1353 2760 vix

261 2807 397 2899 quarta
422 2823 507 2898 pars
533 2797 647 2874 totius
674 2796 821 2896 operis·
848 2823 932 2897 quae
958 2797 1105 2874 animos
1134 2797 1295 2898 quidem
1315 2810 1354 2876 et

264 2913 387 2990 fructu
405 2912 678 2990 honestissimae
695 2911 900 3012 voluptatis
917 2912 1117 3011 perfundit,
1137 2923 1175 2988 et
1198 2912 1352 2988 utilissi-

102 3061 238 3108 ιιιιιι.
238 3053 411 3105 morum
438 3030 753 3106 documentorum
781 3030 884 3104 bona
910 3030 1014 3124 fruge
1038 3027 1171 3134 pascit,
1199 3029 1266 3104 sed
1298 3028 1353 3108 ita

101 3125 250 3186 '’m‘'
201 3154 310 3250 mut
326 3143 556 3220 desiderium
571 3167 727 3244 quoque
744 3152 784 3219 et
806 3142 953 3218 luctum
971 3142 1152 3220 incendat
1167 3154 1225 3219 tot
1241 3144 1353 3218 amis-

101 3189 255 3310 mepa-
263 3285 393 3349 scrum
410 3259 657 3347 voluminum,
676 3284 761 3358 quae
786 3267 934 3388 tempus
959 3257 1059 3334 edax
1082 3258 1291 3358 absumpsit
1313 3268 1353 3335 et

101 3375 257 3458 nis-mm
264 3373 557 3506 praecedentium
582 3383 736 3450 etatum
755 3372 913 3452 incuria.
964 3371 1004 3448 N
1005 3399 1066 3450 am
1083 3374 1188 3474 quod
1207 3385 1272 3451 aut
1288 3375 1352 3452 Li·

101 3395 182 3508 'Diffi
191 3459 245 3509 ω’·
263 3490 365 3566 vium
382 3500 515 3578 totum,
531 3499 597 3565 aut
609 3498 710 3565 certe
720 3512 898 3586 magnam
914 3513 1045 3566 comm
1056 3513 1142 3593 quae
1159 3489 1354 3566 desidera·

264 3631 348 3682 mus
362 3615 518 3736 partem,
531 3603 596 3680 alii
610 3603 955 3733 Constantinopoli,
970 3603 1033 3678 alu
1045 3604 1148 3703 apud
1162 3615 1352 3682 extremos

102 3747 249 3826 normes·
264 3719 496 3796 hominum
485 3745 525 3795 m
543 3717 734 3807 Hiona‚
704 3743 783 3794 srve
799 3717 903 3796 lona
911 3717 1036 3795 insula
1052 3744 1166 3818 supra
1182 3718 1361 3796 Scotiam

101 3818 214 3924 uim
264 3835 485 3912 delitescere
503 3832 736 3933 jactitarunt,
766 3835 862 3924 brec,
888 3831 974 3910 fulsi
1000 3833 1143 3912 utinam
1173 3845 1277 3912 vates
1303 3834 1353 3912 si·

190 3951 369 4026 must
407 3948 557 4026 somnia
585 3972 670 4025 esse
698 3947 957 4025 existimamus
988 3949 1212 4050 optantium.
1264 3949 1352 4028 Nec

103 4081 236 4138 001011110·
265 4065 418 4143 meliore
431 4089 504 4142 nos
520 4091 589 4165 spe
605 4064 751 4156 solatur
773 4064 816 4140 id
833 4065 940 4198 quod
958 4063 1198 4142 Colomesius
1219 4065 1267 4140 ab
1284 4065 1353 4142 ho·

71 4115 251 4270 'ballii
263 4182 364 4262 mine
388 4180 622 4259 candidioris
649 4180 833 4282 pectoris,
857 4181 973 4280 qua‘nr
1003 4177 1222 4257 felicioris
1212 4179 1352 4282 mgenii

100 4271 242 4384 step-dt&
