3056 4976
568 149 843 210 PRAEFATIO.
1170 153 1251 252 onix¹

136 316 310 401 Epitomas
327 313 523 392 Barberinae,
538 313 712 390 Vossianae‚
728 327 760 378 et
770 312 856 378 binae
868 314 967 378 Gudii
983 313 1235 399 nrembranaeju·

133 416 265 468 verunt.
313 399 399 478 Haec
407 399 496 465 suere
506 401 618 484 coeptis
633 403 710 464 meis
718 401 884 486 praesidia:
901 423 974 486 quae
985 403 1060 465 dum
1071 401 1236 486 conquiro,

134 488 237 566 vides,
254 487 356 552 amice
377 487 487 564 lector,
504 509 576 573 quae
598 486 725 551 vincula
739 487 856 564 subire,
875 499 1029 573 quantum
1044 487 1117 551 aeris
1132 486 1236 565 alieni,

133 598 235 662 quarn
246 573 416 640 difficulter
427 577 523 661 at'que
533 574 839 661 aegreexpungendi,
852 573 1097 638 contrahereme
1108 585 1238 658 oportu-

134 662 211 726 erit.
260 663 323 726 Sed
338 659 419 724 adeo
434 682 485 724 me
493 661 645 741 stimulat,
661 659 790 737 fodicet,
806 660 929 725 vellicat
945 660 1068 724 infinita
1089 659 1235 746 quaedam

134 748 301 834 cupiditas
312 746 490 812 litterarum
501 746 759 823 excolendarnm,
772 758 817 824 ut,
829 746 915 811 unde
927 746 968 812 T,
980 747 1063 812 Livii
1075 747 1238 812 sincerita-

133 849 203 901 tem
218 835 450 923 etdignitatem
463 833 584 922 augeri,
596 831 683 898 unde
692 833 867 918 periculum
881 831 942 898 hoc
953 835 1136 919 apparatius
1146 832 1238 911 effici,

134 935 169 987 et
181 923 249 986 tuis
261 921 373 987 studiis
387 919 507 1007 aliquid
515 920 687 986 utilitatum
698 918 802 984 afferri
814 941 908 1004 posse
920 920 1086 1006 opinabar,
1101 919 1179 984 nihil
1189 942 1238 984 re-

134 1010 291 1073 cusarim.
336 1007 447 1084 Quare
461 1007 556 1072 etiam
571 1005 675 1072 libens
689 1027 727 1071 ac
740 1005 864 1091 prolixo
876 1007 992 1083 animo,
1006 1022 1163 1094 quotquot
1178 1005 1240 1072 hoc

133 1093 297 1160 beneficio
311 1114 363 1158 me
371 1093 544 1159 obnoxium
558 1106 666 1158 tenere
676 1094 761 1156 viros
771 1091 956 1169 honoribus,
969 1093 1151 1170 virtutibuS,
1168 1115 1239 1158 eru·

133 1180 264 1246 ditione
277 1203 314 1244 ac
329 1179 452 1265 scriptis
467 1179 722 1246 eminentissimis
733 1178 848 1244 merito
857 1179 1037 1264 praedicavi,
1049 1181 1086 1243 iis
1096 1179 1148 1244 hic
1158 1179 1239 1265 pub-

134 1267 199 1332 lice
214 1289 257 1332 eo
270 1267 400 1334 nomine
421 1263 531 1332 laudes
544 1279 714 1354 gratesque
736 1288 813 1351 ago:
838 1279 879 1342 et,
896 1265 1015 1352 siquid
1031 1289 1069 1332 ex
1083 1266 1239 1331 sententia

133 1355 243 1430 cessit,
259 1374 325 1417 non
340 1365 405 1417 tarn
422 1351 524 1416 labori
540 1375 623 1430 meo,
647 1353 701 1437 qui
716 1366 876 1438 utcunque
897 1375 1028 1440 gnavus,
1052 1375 1116 1416 non
1132 1367 1237 1418 tamen

132 1441 207 1526 pari
222 1438 356 1528 ingenio
367 1439 574 1528 doctrinaque
588 1449 782 1504 sustentatus
796 1437 867 1517 fuit,
883 1461 977 1527 quum
995 1439 1120 1504 illorum
1137 1441 1237 1528 copiis

131 1540 166 1592 et
181 1525 379 1613 benignitati
393 1524 637 1591 adscribendum
653 1523 818 1608 profiteor.

177 1612 274 1692 Vale,
291 1623 323 1678 et
337 1613 456 1678 nostris
472 1612 587 1691 Musis,
603 1612 681 1676 durn
696 1609 818 1687 frueris,
835 1611 912 1676 fave.
