3154 4984
455 208 545 270 ssu.
571 203 663 266 xsv.
692 205 792 268 cns.
813 197 924 268 xx1v.
1161 167 1217 270 ἰιι
1323 189 1325 200 “
1380 185 1384 194 ’

155 371 273 437 Patres
286 371 467 456 coenosipti:
489 371 613 458 fouisse
622 389 677 436 nos
691 373 768 456 regi,
784 382 813 436 et
829 367 1048 456 illumioincere
1058 368 1215 444 maluisse·
1227 379 1258 428 υ.
1268 369 1362 432 uteo.

157 460 230 523 idea
250 459 329 523 bello
343 461 565 543 persiqnendas
585 478 646 524 esse
665 461 800 522 credam.
828 459 913 522 'Alii
934 455 1070 532 sutrim,
1091 447 1258 522 astutus*
1271 439 1363 496 ⁰³⁶⁷·

157 546 598 630 quidcmnosloc,nosttomen
613 545 649 608 ob
659 546 693 608 id
705 545 1103 629 bellapersequendasessee
1125 555 1221 629 meque

158 631 301 707 monilia,
313 653 407 716 neque
420 631 777 715 legibsnulliusainitatis
785 633 831 694 ita
841 639 1047 716 comparatum
1056 651 1127 710 esse,
1135 643 1180 711 ιιι,
1192 635 1222 698 si

157 718 326 801 qnismllet
337 719 490 782 inimicum
498 720 616 799 perire,
631 715 677 780 ¹si
691 717 900 801 nihilfeceeit
913 737 971 800 quo
982 719 1095 802 idfiat,
1109 724 1222 804 capitis

83 804 86 812 ’
159 805 331 868 damnemur.
375 805 452 882 His,
463 807 517 888 qui
527 825 581 868 nos
585 823 692 886 passa,
705 822 766 866 nan
777 804 913 878 crimine,
926 803 1070 880 liberant,
1081 811 1220 888 gratiam

158 891 280 974 quidem
301 890 461 954 labemus.-
484 891 547 972 ipsi
571 890 761 953 nahisitano
786 891 912 954 dicimus
937 891 1030 976 legem
1036 925 1048 962 ,·
1071 893 1100 954 si
1123 915 1222 958 omnes

156 977 317 1052 -ooluinncs,
333 977 592 1060 quod'arguimum
604 995 665 1038 noes
674 977 886 1060 distinguimus
893 971 1073 1040 uoluntatem
1085 979 1221 1063 afacto':

159 1083 259 1126 omnes
267 1065 448 1145 plectamur.
491 1063 528 1128 Si
541 1065 601 1126 olii
610 1063 786 1146 principum
797 1071 962 1126 nostratum
978 1063 1139 1144 uobis,alii
1155 1072 1224 1154 regi

149 1149 322 1233 seuerum,-
358 1149 420 1212 nan
428 1151 559 1230 ponteclo,
575 1158 609 1212 ut
615 1159 748 1232 propter
761 1167 826 1225 nos,
843 1149 895 1232 qui
902 1151 1042 1232 pontium
1057 1163 1223 1219 vestratum

151 1235 285 1320 ficimus,
296 1235 616 1320 regisscutonessaloi
624 1237 704 1299 sint:
721 1236 799 1298 illud
814 1237 1017 1318 deprecamus
1035 1251 1089 1302 nos
1100 1253 1224 1322 propter

163 1321 408 1404 illospereomns.
424 1322 497 1385 Non
509 1324 580 1386 estis
589 1321 902 1406 oosillisitffestiores,
913 1341 1001 1406 quom
1012 1322 1122 1390 duitas
1133 1329 1201 1410 ipsa
1209 1351 1223 1404 ,-

160 1406 214 1471 ἰι
226 1409 283 1471 lcoo
293 1410 348 1492 ¹qui
357 1406 499 1484 sciebant,
513 1409 651 1491 plerique
666 1427 766 1470 eorum
780 1417 836 1471 aut
844 1409 1060 1493 profugerunt,
1076 1422 1132 1476 ont
1145 1435 1223 1478 mm

160 1494 288 1568 temsibi
300 1496 514 1560 consciverunt.
536 1495 606 1571 alii,
623 1495 763 1556 damnati
776 1515 796 1556 a
808 1494 904 1573 nobis,
919 1496 953 1558 in
962 1505 1115 1577 potestate
1125 1509 1226 1566 nestra

160 1591 260 1658 mae,
279 1582 392 1645 Patres
404 1581 575 1664 cmucrcpti.
613 1581 716 1645 Ceteri
729 1581 857 1656 Rhodii,
873 1583 951 1646 sicut
960 1585 1098 1664 gratiam
1113 1587 1226 1650 necllum

161 1669 267 1736 ueriti
279 1668 434 1743 bochello,
448 1670 494 1730 ita
505 1689 544 1730 ne
551 1681 676 1750 poenam
687 1668 924 1750 quidam-snmus.
949 1669 1094 1734 Priorum
1109 1682 1227 1736 nostro-

10 1798 13 1808 ,
163 1775 230 1817 sum
255 1753 475 1838 isemffoclornm
500 1755 631 1818 cumulus
650 1753 713 1828 lios,
730 1755 811 1836 quod
823 1773 902 1817 nunc
915 1765 1058 1818 cessatum
1081 1758 1116 1820 in
1130 1760 1229 1845 officia

48 1879 53 1888 -
163 1849 217 1915 est,
233 1839 365 1922 eupleat.
415 1841 488 1904 Ouum
503 1839 600 1903 tribea
613 1839 731 1923 regibus
741 1841 879 1923 gessistis
892 1839 971 1904 bello
980 1863 1042 1923 per
1056 1843 1107 1908 lios
1120 1865 1228 1910 annas.

163 1947 202 1989 ne
210 1927 284 2008 plus
298 1927 375 1990 obsit
388 1925 484 2002 nobis,
497 1928 649 2010 quodumo
660 1924 737 1989 bello
747 1927 933 2001 cessavimus,
944 1925 1051 2010 ²¹quom
1064 1932 1145 2013 quod
1153 1933 1229 1995 duo-

163 2012 216 2076 lus
225 2012 380 2094 bellispro
388 2011 690 2096 oobispagnacimus.
704 2012 891 2095 Philippum,
899 2013 1229 2095 AntiochumPersea,

163 2101 316 2183 tamquam
326 2109 388 2162 tres
398 2101 573 2172 sententias,
585 2099 700 2180 ponite.
712 2097 1026 2174 duaeetasabsalounts
1049 2102 1127 2168 ⁴sesso
1137 2106 1231 2169 dubia

163 2194 219 2264 est,
234 2194 268 2248 ut
278 2186 407 2270 gravior
421 2186 471 2249 sit.
507 2183 588 2248 ⁵11a·
601 2186 639 2248 de
653 2185 739 2248 nobis
751 2186 781 2248 si
785 2182 976 2268 judicarent,
993 2188 1134 2252 damuati
1156 2212 1232 2256 esse·

162 2291 236 2335 mna.
259 2292 310 2336 cos
313 2270 467 2354 judicate,
485 2272 597 2335 Patres
621 2272 793 2352 conscripti,
813 2273 855 2334 sit
877 2272 1006 2342 Rhodus
1020 2275 1054 2336 in
1070 2277 1173 2354 emis,
1189 2299 1232 2340 on

149 2357 299 2440 funditus
312 2359 459 2421 delectem.
506 2357 577 2421 Nan
588 2359 670 2420 *emim
685 2358 723 2420 de
737 2357 813 2420 lello
828 2358 1014 2434 deliberatis,
1030 2361 1145 2425 Patres
1162 2385 1233 2426 con-

162 2445 283 2526 smipti,
297 2445 379 2527 quod
396 2441 513 2524 issem
520 2443 659 2525 potestis,
672 2463 778 2527 gerere
798 2463 858 2506 non
867 2445 1019 2527 potestis,·
1043 2441 1131 2528 quum
1146 2470 1234 2512 memo

164 2531 356 2594 Rhodiorum
371 2551 458 2592 arma
472 2531 675 2598 alamannos
682 2531 802 2593 latursn
816 2531 866 2594 sit.
910 2530 1233 2612 superspeciosa

163 2617 227 2691 iro,
242 2625 357 2698 tempus
370 2637 391 2679 a
405 2616 488 2680 cobis
497 2625 642 2698 pdemus,
658 2633 716 2699 quo
729 2616 971 2699 leoncflmestam
985 2618 1168 2700 legationem
1182 2623 1234 2685 do·-

163 2721 241 2766 mum
255 2703 445 2788 reseramus:
468 2703 570 2766 annia
581 2702 680 2766 libera
693 2705 810 2786 capitu,
825 2704 976 2786 quidquid
990 2703 1177 2770 Rhodiomm
1189 2710 1236 2772 ui·

162 2789 468 2873 rorum,feminarum
478 2799 533 2869 est,
547 2810 612 2852 cum
626 2789 848 2870 omuipecunio
867 2799 974 2853 nostra
991 2811 1084 2856 rioms
1099 2814 1237 2858 conscen-

164 2877 265 2939 demus
274 2909 286 2948 ,·
303 2878 349 2952 ac,
358 2876 474 2960 relictis
479 2874 643 2958 penatibus
647 2873 780 2958 puhlicis
782 2877 987 2959 priuatisque,
997 2878 1127 2942 Rmnom
1136 2883 1237 2944 uenie-

166 2982 247 3026 muss
261 2971 300 3038 et,
311 2961 393 3025 omni
401 2971 513 3025 auroet
523 2971 661 3045 argento,
672 2963 823 3046 quidquid
826 2961 955 3044 publici,
962 2964 1113 3048 quidquid
1113 2969 1239 3048 privati

164 3047 594 3127 est,incomitio,inoestibulo
604 3048 699 3110 aerico
707 3051 1239 3134 cesaae,cunutcto‚cmporaaostra

164 3133 380 3220 conjugumque
390 3155 427 3198 ac
436 3133 598 3198 liberasum
608 3142 717 3198 oemrce
722 3135 868 3216 potestati
877 3137 1096 3216 penultimas,
1107 3138 1238 3222 hispas-

97 3253 103 3260 ·
165 3223 242 3302 suri,
258 3223 460 3306 quodcumque
469 3220 650 3302 potiendum
672 3223 742 3284 erit.
758 3221 870 3304 promel
882 3220 923 3283 ab
937 3221 1031 3286 anelis
1045 3226 1157 3288 nostris
1170 3225 1241 3306 urb,

203 3461 336 3509 lSinilsil
346 3461 446 3526 sceeri]
467 3459 546 3510 Vetus
567 3464 692 3524 exemplar
723 3463 795 3510 iamsi
814 3463 929 3521 severior,
950 3463 1032 3510 durior
1055 3462 1097 3520 sit,
1115 3460 1185 3506 dulia
1200 3465 1241 3506 cst.

168 3525 264 3582 hebuit,
276 3533 338 3573 teste
347 3529 478 3584 Gronovio,
489 3531 516 3573 ut
527 3527 548 3574 si
558 3525 691 3589 nilsil'sece·
724 3529 750 3574 Si
757 3528 822 3588 quis,
830 3528 955 3588 inquiunt,
967 3527 1071 3586 benigne
1082 3527 1112 3572 de
1124 3526 1193 3572 nobis
1200 3522 1242 3586 ju·

168 3593 211 3639 cit.
244 3591 393 3638 Delovensnt
411 3591 437 3640 ei
458 3595 486 3637 ιιι
504 3593 617 3645 editores,
637 3596 692 3638 tnn-
722 3592 981 3646 timenutensium
1000 3592 1026 3636 in
1046 3591 1109 3636 bello
1126 3591 1243 3636 adversus

168 3667 245 3715 quum
276 3669 462 3716 supervacuum.
495 3657 530 3703 At
555 3656 690 3704 Gronovius
722 3657 808 3704 Persea
824 3671 868 3703 nos
887 3658 969 3716 aliqua
986 3656 1012 3701 in
1032 3661 1101 3714 purte
1113 3651 1244 3700 socialibus

167 3721 243 3766 etium
254 3721 377 3782 scripsisse
388 3721 486 3768 Livium
503 3722 589 3780 credit,
601 3724 628 3767 ut
638 3721 690 3767 issi
722 3723 806 3768 officiis
823 3736 870 3768 non
881 3721 987 3768 defuisse
995 3720 1155 3772 existimaret,
1166 3732 1243 3778 quum

168 3782 326 3846 milcilficerit.
342 3785 397 3832 Vid.
409 3799 482 3846 supra
493 3787 510 3834 1.
517 3785 604 3832 XXII.
616 3800 638 3834 c.
650 3783 690 3832 11.
723 3792 831 3834 nostrum
844 3787 959 3832 Romanis
976 3797 1074 3844 operum
1090 3783 1161 3830 initio
1170 3779 1244 3843 hujus

168 3849 220 3894 eti.
232 3849 358 3896 xxxvl.
370 3850 427 3897 αδ.
722 3850 1023 3911 bellipollioitiiuerimus.
1052 3847 1098 3894 Sed
1107 3849 1129 3892 si
1137 3847 1246 3893 severius

202 3911 491 3977 ilithocqnisciclant]
512 3914 584 3975 Legit
596 3913 691 3961 Perizo-
723 3917 861 3977 scgrsvius
879 3927 932 3960 rem
952 3915 1074 3960 estimare
1092 3913 1166 3966 veliis
1184 3911 1246 3958 nihil

169 3978 380 4038 nius‚ctlsoequia
390 3980 495 4027 niciam.
723 3981 829 4040 amplius
855 3977 934 4026 iecere
962 3978 1061 4038 poterit,
1078 3989 1152 4036 quum
1171 3982 1198 4021 ut
1215 3977 1246 4022 de

202 4040 313 4096 3me
334 4039 406 4106 quod]
435 4045 501 4105 Lege
520 4059 591 4107 quam
613 4047 691 4106 prosit
723 4051 806 4090 nostes
828 4057 885 4102 erga
915 4043 1040 4089 Romanos
1068 4043 1115 4088 fide
1142 4039 1245 4088 dubitet.

214 4106 230 4152 d
723 4109 805 4155 Dubia
823 4109 869 4152 erit
883 4103 936 4167 ejus
953 4105 1089 4152 sententia:
1108 4118 1156 4151 nan
1168 4105 1247 4151 ubsol-

203 4170 294 4218 suna
320 4172 390 4220 dulia
415 4179 457 4228 eet,
477 4179 504 4221 ut
522 4176 620 4236 grauior
635 4169 691 4239 sit]
723 4180 764 4220 vet
775 4185 819 4218 nas
831 4172 939 4230 quidem,
948 4172 991 4216 sed
1002 4183 1046 4215 nec
1057 4171 1190 4216 damnabit.

171 4236 246 4284 Hune
257 4236 339 4282 locum
350 4240 434 4286 mendi
444 4241 526 4301 arguit
537 4241 690 4287 Gronovius:
757 4235 794 4284 5⁸
801 4233 856 4296 Illi]
874 4236 1011 4297 Philippus,
1020 4235 1165 4289 Antiochus,
1174 4241 1248 4294 utque

169 4301 355 4348 sedimmerito.
390 4303 442 4350 Uno
464 4306 593 4362 sententia,
612 4306 692 4364 inqui·
725 4303 799 4348 etism
811 4300 921 4349 Perseus.
1014 4330 1016 4339 ι

170 4371 217 4410 unt
228 4364 329 4423 Rhodii,
340 4371 367 4412 nt
378 4369 478 4429 maome
493 4371 534 4424 eit,
551 4371 577 4415 id
599 4377 644 4424 ess,
657 4376 692 4414 et·
732 4388 734 4397 =

199 4447 286 4492 ‘volu
303 4448 347 4493 lv.
764 4453 784 4492 0
