3120 4984
347 224 402 280 tos
737 223 850 284 ΤΙΤΙ
880 225 1018 286 L1v11

197 391 246 442 .c.
259 359 316 447 aas.
337 385 430 472 ginta
452 385 626 472 majoribus
651 385 762 452 hostiis
784 389 899 476 quibus
918 389 992 457 Diis
1015 391 1159 458 consules
1184 375 1420 476 sacrificarent,¹

197 461 245 508 ·⁰·
259 463 312 510 ¹⁶⁹·
337 482 370 536 ct
391 471 594 547 addiderunt,
611 474 657 538 oti
681 475 870 560 supplicatio
896 475 996 556 fieret,
1013 479 1184 566 cunctique
1206 481 1411 568 magistratus

338 557 423 622 circa
437 559 546 624 omnia
568 559 748 643 pulvinaria
763 562 897 627 victimis
920 564 1093 650 majoribus
1111 565 1334 645 sacrificarent,
1350 591 1410 656 po-

336 643 494 730 pulusque
520 659 690 711 coronatus
712 645 800 712 es‘set.
848 647 976 729 Omnia,
1000 653 1045 717 uti
1068 652 1239 718 decemviri
1257 653 1410 739 ⁶¹praeie·

336 742 422 806 runt,
435 735 528 796 facta.
1397 742 1403 757 '

171 843 294 893 censores
378 817 475 883 XIV.
499 817 696 883 Censoribus
723 819 840 885 deinde
866 823 1010 888 creandis
1035 825 1165 889 comitia
1189 825 1302 892 edicta·
1322 841 1408 896 sunt.

333 903 495 988 petierunt
510 925 674 970 censuram
696 907 856 991 principes
872 908 1016 987 civitatis,
1034 911 1073 976 C.
1085 911 1230 976 Valerius
1245 913 1405 993 Laevinus,

335 989 375 1052 L.
393 990 573 1055 Postumius
591 991 734 1069 Albinus,
753 992 790 1056 P.
805 993 937 1060 Mucius
954 996 1106 1074 Scaevola,
1125 997 1176 1065 M.
1191 999 1309 1064 Junius
1322 1001 1407 1065 Bru·

333 1085 394 1152 tus,
412 1077 450 1141 C.
469 1077 623 1142 Claudius
642 1078 789 1156 Pulcher,
807 1078 859 1144 Ti.
878 1082 1084 1166 Sempronius
1106 1083 1285 1150 Gracchus.
1332 1087 1406 1153 Hos

170 1175 308 1224 netarum
331 1161 413 1227 duos
439 1185 586 1228 censores
608 1167 726 1229 creavit
748 1165 885 1251 populus
905 1168 1079 1234 Romanus.
1125 1169 1236 1247 Quum
1262 1171 1406 1239 delectus

167 1241 310 1351 prpitpritus
331 1247 470 1314 habendi
497 1251 606 1336 major,
623 1272 718 1335 quam
743 1250 830 1332 alias,
856 1268 990 1339 propter
1011 1255 1257 1322 Macedonicum
1283 1259 1405 1326 bellum

186 1318 201 1351 ⁸
236 1317 275 1354 ¹¹¹·
330 1356 408 1399 cura
436 1349 525 1414 esset,
563 1336 707 1401 consules
744 1337 867 1422 plebem
897 1340 983 1424 apud
1019 1355 1162 1409 senatum
1200 1345 1402 1426 accusabant,

329 1418 356 1459 ⁸²
385 1422 451 1500 uod
471 1435 503 1488 ct
519 1422 663 1509 juniores
686 1445 752 1487 non
776 1427 1014 1510 responderent.
1060 1428 1222 1494 Adversus
1237 1453 1316 1518 quos
1330 1431 1404 1498 iic.

329 1445 489 1593 Sulpicius
514 1521 545 1574 et
572 1507 622 1573 M.
639 1509 793 1575 Clautlius
817 1511 938 1602 tribuni
964 1513 1064 1600 plebis
1088 1538 1229 1581 caussam
1253 1532 1401 1605 egerunt.

328 1594 403 1657 Non
424 1595 602 1672 carnalibus,
618 1597 672 1660 sed
692 1597 860 1663 ambitiosis
881 1602 1060 1678 consulibus,
1077 1603 1222 1668 delectum
1244 1605 1402 1692 dffcitem

328 1702 400 1746 esse.
422 1680 598 1746 ⁶⁴neminem
614 1684 742 1747 inritum
763 1685 889 1750 militem
905 1686 945 1750 ab
960 1688 1096 1770 iisfieri.
1140 1687 1214 1754 ”la
1227 1692 1274 1754 ita
1288 1701 1323 1755 ut
1337 1714 1402 1757 csse

326 1769 441 1832 scirent
455 1778 485 1832 et
500 1770 614 1834 Patres
630 1770 805 1852 conscripti,
820 1782 983 1854 prator-es,
999 1771 1138 1858 “quibus
1157 1786 1188 1839 et
1207 1778 1254 1841 vis
1274 1779 1402 1861 imperii

326 1855 427 1918 minor
449 1864 479 1918 et
503 1857 673 1920 auctoritas
693 1865 779 1936 esset,
795 1859 951 1939 demotum,
965 1861 995 1924 si
1017 1861 1063 1924 ita
1087 1862 1208 1925 senami
1229 1865 1398 1942 videretur,

319 1941 513 2024 perficturos
526 1963 599 2006 esse.
644 1940 682 2005 Id
697 1943 889 2027 praetoribus
904 1944 931 1987 ⁶⁷
941 1967 1056 2032 magna
1071 1946 1203 2011 Petrum
1220 1949 1238 1984 ⁸
1251 1970 1317 2012 non
1329 1950 1399 2016 sine

326 2025 527 2108 sugillatione
553 2026 729 2104 consulum,
753 2028 939 2094 mandatum
970 2046 1025 2096 est.
1072 2033 1238 2111 Censores,
1262 2049 1299 2100 ut
1323 2058 1396 2101 eam

325 2134 393 2176 rem
419 2113 616 2199 adjuvarent,
642 2114 687 2179 ita
713 2114 745 2177 in
773 2117 927 2181 concione
946 2117 1130 2200 *edixerunt
1158 2120 1269 2204 Legem
1292 2127 1398 2189 cenaui

323 2202 469 2264 censendo
488 2202 623 2265 dicturos
642 2223 714 2277 csse,
729 2211 773 2278 at,
789 2201 935 2286 ⁶⁸praeter
956 2227 1106 2270 commune
1128 2210 1260 2271 omnium
1283 2211 1395 2274 ciuium

313 2283 544 2369 jusjurandum,
560 2287 624 2350 taec
638 2286 837 2371 artjmarent:
865 2291 914 2353 Tu
928 2291 1025 2355 minor
1038 2294 1132 2357 annis
1146 2315 1199 2358 sex
1213 2303 1243 2358 ct
1257 2298 1396 2378 quadra-

319 2373 414 2457 ginta
428 2396 468 2451 cs,
484 2384 577 2458 tuque
595 2395 633 2437 ea
654 2376 753 2438 edicto
770 2376 805 2440 C.
821 2376 959 2453 Claudii,
980 2378 1029 2441 Tr.
1044 2379 1218 2462 Sempronii
1238 2401 1393 2448 censorum

324 2460 368 2521 ad
388 2462 531 2524 delectum
548 2462 698 2543 prodito:
722 2470 762 2538 et,
778 2465 1017 2548 quotiescumque
1036 2467 1165 2530 delectus
1187 2468 1258 2543 erit,
1274 2467 1394 2552 ⁶⁹quem

322 2547 374 2610 hic
388 2568 521 2611 censores
542 2549 754 2629 magistratum
768 2548 951 2625 habebunt&
966 2552 996 2614 si
1009 2553 1095 2616 miles
1103 2553 1215 2637 suctus
1235 2574 1297 2616 non
1319 2557 1392 2633 cris,

323 2634 358 2695 in
372 2635 488 2697 delectu
496 2633 651 2715 prodibis.
696 2633 788 2711 Item,
805 2635 879 2721 quia
896 2633 979 2700 fama
999 2647 1076 2716 erat,
1092 2638 1208 2704 multos
1223 2661 1263 2704 ex
1279 2639 1394 2706 Mace·

485 2824 487 2832 .
572 2791 586 2831 Ρ
596 2785 635 2835 iic
645 2789 774 2836 consortiae
783 2791 937 2852 nrogirtrotne
946 2791 1059 2840 Mittunt
1069 2791 1139 2842 Cret.

218 2931 220 2936 ’
320 2924 438 2985 tariquin
448 2923 484 2970 ita
494 2923 579 2970 Livius
590 2922 718 2982 scripserit.
753 2924 839 2970 Cetera
903 2925 936 2974 64
952 2925 1080 2974 Neminem
1095 2923 1389 2977 invitammilitemoiiie

320 2991 367 3037 etsi
382 2989 448 3036 haud
466 2987 538 3035 dubie
557 2992 666 3034 mentem
678 2986 742 3033 Livii
758 2989 838 3048 expri·
862 2987 932 3054 fleri]
949 2990 988 3038 Sic
1002 2990 1105 3051 probant
1116 2989 1237 3052 Sulpicius
1245 2993 1272 3036 et
1282 2990 1390 3039 Mareel-

319 3061 403 3112 munt,
413 3067 458 3101 nec
468 3056 571 3113 pansum
581 3052 653 3111 longe
666 3051 732 3097 abire
743 3054 774 3099 ab
785 3050 838 3114 ejus
869 3055 909 3102 lus
919 3056 1059 3102 ambitiosos
1070 3069 1122 3102 aesc
1132 3055 1254 3112 macutes,
1263 3056 1306 3114 qui
1316 3063 1387 3104 metu

319 3120 449 3179 scripture,
465 3118 556 3164 habent
573 3122 657 3162 tamen
671 3115 763 3175 aliquid
778 3119 837 3164 den·
868 3121 1031 3166 offensionum
1051 3121 1175 3167 neminem
1198 3119 1304 3165 militaro
1323 3121 1389 3168 invi·

319 3183 370 3230 sius
381 3182 561 3243 quodammodo
573 3187 597 3227 ct
608 3182 679 3241 quasi
692 3181 835 3241 confertius,
868 3189 923 3230 tum
934 3189 1056 3246 cogerent.

267 3255 272 3261 ·
319 3259 394 3308 quam
409 3249 470 3294 solet
481 3245 573 3292 Livius.
900 3246 992 3296 65'1d
1004 3250 1038 3295 tta
1053 3247 1147 3310 meree]
1168 3248 1201 3298 Ut
1220 3253 1301 3308 patrea
1320 3248 1388 3296 cona

351 3309 561 3372 alternarum]
581 3310 639 3358 vid.
651 3311 835 3359 not0.odIV.
866 3313 950 3374 scripti
961 3325 1057 3374 quoque
1068 3313 1156 3359 scirem
1167 3314 1193 3359 id
1203 3313 1238 3358 ita
1248 3325 1310 3376 esse.
1398 3375 1403 3382 .

319 3375 360 3424 21.
899 3377 931 3424 66
949 3375 1038 3432 Quibus
1053 3380 1076 3422 ci
1095 3379 1132 3422 vic
1150 3377 1248 3438 imperii
1265 3379 1344 3424 minor
1360 3382 1385 3425 et

350 3441 383 3489 62
401 3441 467 3498 Quod
487 3444 510 3487 ct
525 3435 645 3503 juniores]
671 3438 786 3501 Superest
808 3440 835 3490 ei
867 3437 1071 3502 assuritanus]
1085 3441 1195 3495 Quorum
1210 3448 1236 3488 et
1246 3443 1384 3502 minorpo·

316 3510 347 3562 et.
358 3513 401 3554 aut
413 3507 589 3567 pluradesunt.
865 3511 949 3560 testas,
968 3511 994 3551 et
1015 3505 1096 3552 minor
1117 3506 1226 3566 dignatio
1246 3512 1317 3552 esset.
1350 3507 1382 3554 ln

349 3572 384 3620 63
401 3571 430 3620 C.
440 3570 559 3630 Sulpicius
574 3566 648 3616 ctM.
662 3568 773 3618 aaudim
788 3571 832 3616 tri·
866 3571 965 3630 imperio
991 3574 1028 3616 cst
1051 3571 1088 3616 vis
1108 3571 1226 3630 cogendis
1253 3573 1384 3618 auetort'tae

316 3638 397 3702 iuni}
418 3638 473 3683 Imo
488 3637 606 3694 protum.
639 3632 661 3680 1i
678 3639 703 3680 et
717 3647 799 3694 supra,
810 3648 832 3683 c.
865 3635 1045 3685 venerationem
1062 3635 1181 3682 conciliat.
1209 3634 1287 3695 Supra
1297 3636 1315 3683 l.
1327 3636 1348 3683 1.
1359 3651 1384 3686 c.

317 3701 356 3751 11.
372 3705 540 3748 memorantur
555 3699 619 3745 inter
632 3704 748 3759 pretores
758 3695 833 3760 hujus
865 3697 888 3745 7.
920 3698 1032 3746 Euander
1053 3703 1103 3746 tum
1121 3712 1148 3746 ea
1162 3729 1169 3745 .
1182 3729 1190 3746 .
1201 3730 1228 3746 ..
1244 3701 1383 3749 cornutae

313 3767 388 3822 anni3
406 3772 431 3813 et
442 3766 492 3824 hic,
502 3763 557 3810 ideo
568 3764 625 3823 quia
638 3769 753 3822 praetores
764 3769 831 3819 sunt,
863 3765 941 3822 magis
951 3778 1022 3824 parom
1031 3765 1130 3824 imperio
1139 3764 1231 3825 regebat
1241 3763 1297 3810 laea

313 3833 438 3892 postulant
457 3836 486 3877 ut
503 3829 611 3876 delectus
627 3841 686 3874 cura
701 3828 832 3874 mandetur
895 3828 927 3876 67
943 3827 1039 3890 Magno
1049 3827 1153 3874 Potram
1162 3830 1318 3896 ausoniam]
1337 3830 1382 3877 [tt.

312 3896 473 3957 praetoribus3
491 3898 526 3952 et,
538 3891 645 3952 perfecto
660 3905 676 3937 ι
686 3893 830 3951 pratoribus
863 3890 1041 3940 timamvocem
1050 3890 1138 3955 adjedt
1146 3892 1268 3954 Sigonius,
1274 3897 1383 3944 otmun-

312 3962 418 4018 delectu,
434 3956 554 4021 jubentur
570 3971 591 4004 c.
608 3954 695 4005 snex
713 3957 830 4016 hisquae
861 3958 1137 4018 cumlocumcxpleret.
1345 3971 1359 4004 ἡ

312 4026 463 4084 scripsissent
472 4023 617 4088 legionibus,
626 4035 686 4082 qaas
697 4022 828 4077 videretur,
894 4021 926 4068 68
942 4020 1037 4068 Frater
1055 4035 1173 4068 commune
1190 4056 1197 4070 .
1212 4053 1240 4071 ..
1252 4024 1380 4086 Μαναῆ-

312 4089 483 4137 consolidare.
515 4087 608 4148 Scripta
620 4086 687 4133 haud
697 4087 770 4134 dubie
780 4085 829 4132 tuit
860 4085 928 4197 dmi
946 4085 1005 4132 vid.
1016 4093 1066 4134 not.
1079 4085 1186 4133 lacot
1199 4087 1220 4134 1.
1231 4101 1253 4134 c.
1264 4086 1304 4135 tt.

311 4168 360 4202 vox
378 4157 491 4214 pratum
512 4166 556 4214 per
577 4153 638 4198 duas
655 4152 748 4198 litteras
769 4148 828 4196 Pu.
893 4149 908 4196 6
942 4149 1063 4206 &omisis
1078 4151 1206 4198 ananau
1220 4153 1378 4213 magistratus

310 4220 376 4264 unde
389 4217 480 4264 librarii
491 4231 534 4278 pro
545 4217 616 4263 solita
626 4216 763 4274 oscitantia,
773 4227 826 4261 ma·
857 4212 982 4278 tamtum]
1007 4216 1046 4264 Sic
1066 4217 1207 4263 emendavit
1229 4216 1377 4264 Gronovius.

309 4283 376 4331 xime
397 4282 455 4342 quia
476 4283 622 4342 sequebatur
643 4280 759 4329 continuo
778 4293 826 4326 vox
858 4277 939 4326 Vetus
963 4281 1035 4328 lectio
1060 4281 1162 4328 omnino
1179 4285 1293 4342 corrupta
1311 4287 1376 4337 erat,

303 4346 386 4408 patu,
408 4347 519 4392 fecerunt
540 4344 594 4391 ΤΕ.
615 4346 642 4394 id
663 4350 708 4401 est,
729 4345 825 4394 tribuni.
857 4357 924 4404 quem
942 4344 983 4392 nu
1000 4355 1102 4394 remorer
1118 4346 1287 4410 magistratum
1304 4345 1376 4393 boir-

309 4409 431 4459 Hoecl'erc
442 4408 590 4457 Perizonius.
856 4408 922 4458 tunt.
