3120 4984
347 123 355 146 ·
416 188 505 250 LlB
530 183 631 246 XLll.
659 186 749 247 CAP.
773 185 904 248 van.
1178 195 1218 260 9³

141 365 238 421 erant
267 352 446 422 adventuri.
506 350 629 429 Consul
650 350 853 417 anteveniens
877 353 1042 440 extemplo
1066 353 1219 439 proelinm

138 442 318 508 conseruit.
362 440 474 508 Primo
489 438 634 504 resistere
648 436 864 514 Macedones;
886 438 1013 518 deinde,
1030 440 1172 506 utnulla
1184 461 1222 506 re

141 551 237 615 pares
263 541 364 604 crant,
375 526 497 592 amissis
512 523 674 590 trecentisl
688 523 858 610 peditibus,
876 527 990 613 viginti
1004 540 1142 614 quatuor
1156 528 1222 614 pri-

139 614 291 682 moribus
306 613 449 702 equitum
459 613 530 679 ”ex
544 612 605 690 ala,
621 633 718 698 quarn
736 611 867 678 Sacram
889 627 1015 692 vocant,
1038 617 1121 680 inter
1143 637 1223 702 quos

141 701 359 768 Antimachus
381 701 477 766 etiam
502 697 672 784 prefectus
693 697 753 762 alae
782 698 907 780 cecidit,
936 700 1027 768 abire
1054 715 1222 767 conantur.

142 789 300 854 Ceterum
324 788 385 854 iter
406 809 508 872 prope
530 787 600 870 ipso
621 784 738 872 proelio
759 785 987 852 tumultuosius
1022 787 1094 854 fuit.
1141 788 1223 854 Pha·

138 875 232 954 lanx,
266 875 323 941 aba
346 873 474 960 trepido
496 872 617 950 poncio
638 871 755 949 adcita,
778 893 875 957 quum
900 875 1017 959 raptim
1040 875 1222 952 duceretur,

165 963 254 1026 rimo
269 963 303 1026 in
319 960 474 1050 angustiis
499 958 697 1060 captivorum
727 959 849 1058 agmini
877 960 986 1026 oblata
1009 961 1224 1049 vehiculisque

139 985 310 1114 llumento
339 1048 478 1114 onustiaz
500 1046 575 1111 ”ris
598 1045 697 1119 caesis,
719 1043 868 1133 ⁸⁰ingena
889 1046 934 1111 ihi
963 1049 1094 1112 vexatio
1122 1050 1223 1134 partis

143 1137 317 1222 utriusque
337 1135 407 1214 fuit,
433 1133 525 1198 nullo
553 1144 766 1218 exspectante,
796 1141 986 1222 utcumque¹
1008 1135 1224 1220 explicaretur

141 1245 271 1311 agmen,
288 1222 343 1287 sed
360 1221 490 1286 armatis
509 1217 753 1284 ‹letrudentibus
769 1241 979 1306 perpraeceps
993 1222 1222 1308 inpedimenta,

145 1316 267 1397 (neque
282 1309 368 1374 enim
384 1307 477 1374 aliter
487 1306 538 1371 via
552 1306 669 1390 aperiri
680 1306 819 1390 poterat)
825 1307 989 1392 jumentis,
1001 1327 1100 1394 quum
1111 1311 1223 1373 stimu-

141 1396 304 1476 larentur,
326 1397 359 1460 in
383 1396 478 1460 turba
501 1392 714 1458 saevientibus.
759 1391 823 1456 Vix
852 1393 894 1459 ab
913 1395 1079 1460 incondito
1097 1395 1224 1482 agmine

141 1483 348 1568 captivorum
369 1481 580 1567 expedierant
599 1501 675 1554 sese,
691 1500 790 1564 quum
817 1481 905 1567 regio
920 1482 1040 1570 agmini
1055 1482 1224 1568 perculsis·

142 1593 205 1656 que
219 1569 386 1657 equitibus
400 1572 588 1634 obcurrunt.
635 1565 684 1630 lbi
701 1587 776 1630 vero
791 1565 911 1632 clamor
928 1568 1110 1655 jubentium
1127 1569 1224 1634 resen

141 1657 290 1746 resigna
312 1656 417 1720 rninae
439 1675 567 1742 qnoque
586 1673 689 1739 prope
710 1651 844 1717 similem
860 1656 1106 1740 trepidationem
1128 1656 1223 1722 fecit:

143 1758 188 1823 ut,
206 1747 234 1809 si
251 1743 370 1820 hostes,
383 1743 518 1807 introire
538 1739 703 1824 angustias
728 1739 806 1816 ausi,
822 1741 948 1830 longius
963 1743 1095 1810 insecuti
1108 1759 1224 1823 esoent,

142 1852 266 1919 magna
281 1829 386 1896 clades
410 1827 511 1913 accipi
537 1826 687 1912 potuerit.
733 1826 863 1906 Consul,
891 1843 1019 1914 recepto
1042 1853 1084 1894 ex
1101 1830 1225 1896 tumulo

145 1917 315 2003 praesidio,
331 1927 500 1982 contentus
516 1914 642 1980 modico
664 1935 819 1990 successu,
841 1916 872 1978 in
889 1929 992 1982 castra
1005 1917 1114 2002 copias
1129 1918 1225 1983 reda·

138 2005 201 2069 xit.
226 2007 326 2081 Sunt,
342 2003 398 2090 qui
414 2001 516 2067 eodie
531 2021 649 2088 magno
664 1999 781 2086 proelio
798 1997 978 2090 pugnaturn
991 2005 1225 2071 auctorcssinr.

143 2107 218 2158 octo
233 2089 339 2156 millia
361 2089 499 2154 hostium
522 2109 614 2166 caesa,
637 2088 671 2152 in
692 2086 743 2151 his
767 2087 938 2174 Sopatrum
959 2104 994 2155 et
1017 2092 1226 2177 Antipatrum

1230 371 1369 422 uuna

1230 437 1300 487 M.
1313 437 1369 487 ru.

142 2180 256 2266 regios
285 2177 401 2242 duces:
424 2175 513 2240 vivos
537 2188 647 2259 captos
669 2173 796 2238 circiter
816 2175 884 2242 dno
900 2177 998 2240 millia
1012 2179 1226 2266 octingentos,
1295 2245 1298 2252 .

145 2266 239 2353 signa
264 2263 413 2328 militaria
435 2275 529 2347 capta
548 2261 662 2349 viginti
682 2273 815 2344 septem.
862 2263 931 2328 Nec
946 2264 1147 2329 incruentam
1164 2267 1228 2330 rio·

147 2354 266 2418 teriam
277 2349 394 2415 ¹fuisse:
418 2371 516 2434 supra
537 2361 675 2434 quatuor
689 2346 790 2410 millia
799 2361 835 2412 et
855 2363 1014 2414 trecentos
1030 2350 1229 2419 demeretur

145 2438 291 2504 consulis
306 2436 472 2504 cecidisse:
496 2434 619 2522 signu⁸1
630 2431 765 2498 sinisera
780 2434 840 2499 alae
852 2437 996 2522 quinque
1016 2438 1142 2503 antima.

193 2524 342 2592 LXVII.
368 2522 435 2588 Hic
449 2522 515 2587 dies
530 2533 561 2586 et
585 2519 741 2586 Romanis
765 2519 875 2587 refecit
895 2525 1031 2602 anim,
1050 2538 1088 2590 et
1113 2526 1229 2590 Persea

150 2611 301 2698 perculit,
318 2624 364 2691 ut,
380 2610 448 2676 dies
462 2631 581 2696 paucos
609 2608 651 2674 ad
681 2605 848 2692 Mcpsium
874 2624 1030 2692 moratus,
1054 2612 1228 2699 sepulturoe

150 2703 291 2765 maxime
304 2697 441 2762 militum
471 2697 657 2761 amissorum
689 2717 775 2772 cura,
799 2697 949 2780 praesidio
978 2700 1052 2765 satis
1067 2699 1172 2765 valido
1186 2700 1227 2766 ad

152 2786 311 2852 Gonnum
327 2784 449 2861 relicto,
464 2786 498 2848 in
522 2782 749 2850 Macedoniam
776 2783 931 2868 reciperet
951 2787 1068 2872 copias.
1114 2787 1228 2853 Timo-

151 2872 263 2939 theum
295 2873 462 2959 quemdam
489 2893 528 2935 ex
543 2871 639 2958 regiis
652 2869 813 2953 praelect'is
835 2895 908 2936 cum
925 2873 1050 2939 modica
1064 2896 1163 2940 manu
1178 2898 1228 2941 re·

150 2958 270 3047 linquit
284 2959 326 3024 ad
343 2957 479 3032 Philam,
501 2958 624 3044 jussum
653 2955 825 3043 Magnetas
840 2972 871 3023 et
885 2962 1083 3050 propinquos
1094 2975 1228 3030 tentare.

153 3045 268 3123 Quum
298 3043 420 3111 Pellam
441 3045 589 3122 venisset,
611 3043 753 3110 exercitu
778 3045 811 3107 in
837 3045 973 3112 hiberna
1002 3049 1142 3127 dimisso,
1158 3051 1229 3136 ipse

153 3155 228 3200 cum
244 3133 350 3220 Cotye
365 3129 626 3198 Thessalonicam
637 3143 683 3194 est
694 3129 865 3215 profectus.
911 3133 962 3198 Eo
972 3134 1058 3199 fama
1067 3136 1227 3215 adfertur,

155 3219 315 3286 htlesbim
324 3218 470 3307 regulum
488 3217 665 3294 Thracum,
681 3228 713 3280 et
729 3215 908 3308 Corragum
926 3220 1080 3286 Eumenis
1095 3223 1228 3306 praefec-

154 3316 235 3388 tum,
251 3309 284 3372 in
300 3305 413 3394 Cotyis
426 3305 507 3370 'fines
523 3306 667 3392 inpetum
682 3300 808 3368 fecisse:
833 3317 866 3370 et
877 3307 1054 3393 regionem,
1069 3309 1227 3376 Marenen

154 3415 252 3480 quam
267 3407 393 3472 vocant,
409 3393 539 3478 cepisse.
585 3393 707 3474 ltaque,
728 3389 956 3458 dimittendum
987 3395 1092 3482 Cotyn
1109 3397 1149 3461 ad
1172 3419 1229 3464 sua

155 3481 276 3548 tuenda
307 3492 405 3558 ratus,
443 3480 568 3568 magnis
604 3476 857 3564 proficiscentem
887 3479 982 3545 donis
1013 3483 1228 3571 prosequitur.

385 3611 507 3664 kumels
514 3615 591 3662 Gron.
711 3607 720 3648 ¹
729 3609 811 3677 [aava]
821 3617 944 3676 utromque
954 3617 1022 3664 Crev.

189 3715 222 3764 98
238 3713 281 3762 Es
301 3713 340 3760 ola
364 3727 435 3776 qaam
457 3713 555 3760 Sacrum
584 3709 677 3774 meoet]
710 3711 775 3768 cala,
794 3712 906 3774 ineptum
917 3719 969 3772 est;
986 3715 1232 3777 riadeaptivas,pa-

155 3777 212 3826 Jam
221 3777 677 3854 meotiot'actaestSaerarum'alsmm
710 3777 914 3825 mmverisimile.
946 3781 1048 3842 Aliquid
1058 3783 1142 3828 mendi
1156 3783 1232 3829 latere

156 3843 342 3956 'Xullavfclsssl
357 3840 680 3968 ¹'hlurllpliqctlheruimillrlllferaqui:
710 3841 884 3967 vlrlggupngm
893 3907 928 3954 ihr*
937 3913 1030 3958 neemia
1045 3913 1125 3973 parre
1143 3913 1232 3958 utrius·

160 3976 214 4019 tnm
234 3975 286 4020 alas
303 3973 374 4050 eirca·
388 3973 470 4033 ipsum
491 3984 574 4048 regern
587 3971 679 4048 'solitas
711 3968 766 4047 que]
800 3971 866 4048 Tum
888 3974 1026 4036 phalangis,
1053 3984 1108 4055 tum
1133 3978 1233 4024 Creten.

160 4037 680 4172 tteut‘ztettffltm
711 4037 1235 4168 ἲέἓῗῧξῗέἑὼζξηῐῖἳᾞᾛὲῑῗέιὲ

162 4177 249 4214 nomen
262 4167 375 4213 inditum.
409 4165 463 4212 Nec
481 4166 555 4212 aliam
572 4165 680 4210 essedu-
712 4161 769 4209 dum
777 4179 807 4211 ex
818 4165 933 4214 Gronorii
944 4179 1028 4218 mente
1036 4169 1130 4233 adjecta
1141 4178 1185 4218 est.

161 4229 238 4278 draus
260 4231 350 4292 regiam
372 4230 445 4288 alma,
455 4233 618 4277 memoratam
639 4229 682 4276 Li·
745 4227 776 4275 31
789 4229 899 4278 Sinistra*
919 4233 976 4297 ale]
997 4236 1093 4284 Sinistri
1112 4237 1234 4286 melorum

163 4294 201 4339 vio
210 4297 228 4345 1.
239 4293 381 4342 xxxvu.
393 4309 415 4344 c.
424 4294 464 4342 40.
714 4294 825 4356 peditum
837 4298 951 4358 eorporis.

193 4359 224 4406 29
240 4359 279 4406 Iit
292 4359 369 4424 rode]
387 4361 413 4408 si
420 4360 466 4406 hoc
476 4359 566 4406 referat
577 4359 607 4404 ad
616 4359 682 4405 vahi-

1239 2543 1342 2591 Persout
1355 2543 1385 2592 in

1239 2609 1354 2664 Macedo·

1238 2674 1305 2721 niam
1317 2674 1392 2720 radit.
