3056 4976
302 193 371 254 erili
421 185 425 192 “
666 229 684 240 ¹·
723 194 1014 258 nuruum..

302 358 368 420 rint
381 375 442 442 'pro
456 358 589 423 denario
606 379 681 437 uno,
697 381 734 424 ac
748 363 883 446 proinde
905 362 992 447 paris
1007 381 1079 425 cum
1091 359 1255 424 seirdecim
1278 359 1401 429 essibus

274 484 286 493 --
303 439 479 510 uncialibus
492 446 587 530 pretii
601 445 727 511 suerint.
962 451 965 463 '
1319 477 1323 492 ·

141 557 184 604 u·
194 569 265 622 μη
347 531 486 595 Primam
509 532 690 617 opinionem
701 536 767 619 jam
784 533 986 599 ostendimus?
994 534 1092 599 everti
1106 533 1232 597 disertis
1250 533 1400 618 antiquo-

141 622 282 700 conposuit
302 636 373 680 rum
386 619 576 704 scriptorum
599 620 795 698 testimoniis,
819 620 934 707 quibus
948 641 1043 710 grave
1058 642 1101 684 aes
1115 643 1135 683 a
1148 619 1265 684 leviore
1286 618 1400 684 distin·

140 702 275 800 Ρῐᾞῖὶῗέξι
300 703 425 790 guitur:
449 704 639 790 atque'adeo
651 709 684 768 in
699 729 731 770 se
745 707 914 772 absurdam
925 731 1001 785 esse,
1013 707 1191 792 quumipsa
1202 705 1310 793 gravis
1324 706 1400 769 aeris

139 769 231 865 hattus
243 819 277 865 10-
301 789 471 874 appellatio
493 805 606 878 arguat
627 792 797 858 discrimen
821 793 949 880 aliquod
971 794 1016 858 ab*
1033 815 1098 856 aere
1119 793 1197 868 leri;
1227 787 1398 857 discrimen

139 883 252 931 rioribus
300 890 406 940 eutem
420 877 509 955 illud,
524 878 584 942 nisi
598 879 634 942 iu
647 879 751 963 pretio
764 881 900 966 positum
917 881 969 964 sit,
979 879 1114 944 'omniuo
1127 878 1223 942 mane
1237 890 1269 942 et
1282 875 1400 944 frustra

216 1027 218 1042 ‚
299 961 500 1029 observaturo
516 985 582 1028 esse
595 965 745 1030 rideatur.
843 987 847 994 ’
979 1013 982 1020 »
1023 1011 1026 1019 -

138 1063 195 1140 uon
205 1064 279 1112 crem
303 1065 305 1070 ’
344 1049 490 1115 Secunda
501 1052 793 1138 quoquesenteutie
807 1073 935 1138 prorsus
946 1064 1030 1116 stare
1043 1073 1109 1116 non
1121 1062 1235 1136 potest,
1252 1059 1401 1136 propter-

138 1129 175 1177 ¹¹¹¹
187 1130 336 1206 patrumm
355 1137 442 1222 quod
457 1159 496 1202 ex
510 1136 564 1201 illa
586 1138 794 1202 estimatione
816 1138 1001 1240 grandiores
1017 1139 1104 1224 justo
1126 1159 1260 1201 sumnus
1283 1136 1401 1202 futnrae

137 1200 283 1307 imm
298 1220 371 1299 siut,
387 1236 418 1288 et
432 1242 559 1288 omnem
571 1224 850 1292 verisimilitudine
861 1224 1003 1303 modum,
1015 1227 1080 1288 imo
1091 1237 1123 1289 et
1137 1222 1277 1288 historiae
1287 1222 1398 1300 fidem,

297 1328 486 1385 excessurae.
524 1310 636 1377 Unum
651 1331 812 1396 apponere
824 1311 1007 1395 exemplum
1023 1328 1071 1375 sat
1085 1311 1156 1387 erit,
1171 1309 1229 1374 sed
1241 1309 1400 1395 eJ'usmodi

297 1394 383 1480 quod
399 1417 464 1460 rem
481 1396 639 1463 conficiet.
671 1397 781 1462 Livius
795 1397 816 1462 l.
833 1397 962 1463 XXIV.
978 1419 1007 1461 c.
1027 1407 1076 1463 11.
1092 1399 1190 1483 qn'um
1202 1396 1397 1482 jamuncia-

298 1479 342 1546 les
356 1503 439 1546 asses
453 1481 569 1560 forent,
581 1483 757 1570 edisserens
771 1496 848 1572 quot
863 1484 1050 1569 quisqueex
1063 1481 1248 1548 consudare
1261 1482 1399 1570 remiges

297 1566 438 1648 deberet,
455 1569 500 1634 sic
517 1570 605 1634 illarn
627 1571 897 1636 enumerationem
918 1569 1096 1635 concludit:
1118 1571 1170 1654 qui
1183 1590 1279 1652 supro
1300 1570 1400 1634 decies

296 1654 379 1732 aeris,
394 1666 508 1738 reptem
514 1680 528 1732 ,·
549 1667 709 1738 senatores,
721 1667 785 1722 ceto
799 1667 911 1728 ocutos
924 1652 988 1720 cum
997 1657 1143 1738 stipendio
1155 1657 1270 1720 darent.
1304 1655 1397 1744 Ergo

295 1743 470 1806 senatorius
487 1763 598 1808 census
614 1749 692 1808 tunc¹
711 1742 927 1808 aestimabatur
941 1763 1038 1827 supra
1051 1741 1156 1808 decies
1171 1741 1253 1806 aeris.
1293 1741 1398 1806 Porro

295 1823 357 1891 hoc
378 1828 451 1893 loco
473 1851 517 1894 aes
534 1853 631 1918 grava
651 1829 894 1918 intelligendum
916 1841 972 1906 est,
988 1851 1029 1894 ex
1044 1829 1083 1892 iis
1097 1849 1170 1914 quae
1192 1827 1398 1912 supradicta

295 1927 379 1992 suut,
391 1916 465 2002 quia
475 1916 516 1981 de
526 1932 639 1981 census
650 1917 861 1982 aestimatione
875 1917 998 2016 agitur:
1021 1915 1118 1980 decies
1128 1926 1233 1979 autem
1245 1913 1299 1979 hic
1310 1913 1397 1980 idem

295 2012 343 2064 est
356 2023 393 2066 ac
409 2005 506 2067 decies
512 2014 645 2068 'centeno
662 2005 771 2082 millia,
789 2017 824 2068 ut
838 2025 879 2067 ex
893 2003 968 2087 rpsis
982 2000 1122 2066 numeris
1137 1999 1398 2066 antecedentibus

294 2099 427 2152 constet.
452 2089 498 2160 At
506 2093 530 2153 si
540 2089 593 2154 hic
601 2089 755 2154 unalibre
763 2091 836 2154 seris
843 2090 947 2174 gravis
955 2089 1129 2152 aestimetur
1137 2085 1306 2151 duodecim
1317 2088 1395 2152 assi-

149 2247 153 2256 ,
247 2179 250 2197 ¹
295 2174 1254 2253 bus'uncielibus,deciesoert'aeruntessesuncieles12000000.
1263 2175 1402 2240 sestertii

293 2270 457 2328 3000000.
480 2264 567 2350 quod
589 2263 751 2328 evidenter
772 2261 885 2328 falsum
905 2275 937 2326 et
951 2259 1121 2326 absurdum
1138 2271 1195 2336 est,
1210 2281 1275 2324 non
1298 2260 1399 2325 ruodo

293 2346 587 2415 obtenuestumres
596 2350 816 2414 Romanorum
827 2363 858 2415 et
867 2347 1079 2433 inopiam,sed
1089 2345 1399 2432 quiellorentissirnis

292 2433 476 2519 reipublicae
488 2436 646 2505 Romame
656 2438 849 2522 temporibus
858 2457 969 2502 census
977 2433 1163 2512 senatorius,
1175 2445 1252 2496 teste
1263 2433 1397 2499 Sueten.

197 2525 201 2532 '
291 2519 325 2584 in
341 2523 425 2609 Aug.
441 2545 469 2587 c.
485 2532 541 2587 41.
556 2525 747 2612 octingentis
767 2522 906 2586 millibus
918 2519 1095 2586 sestertium
1113 2517 1261 2584 definitus
1276 2517 1349 2596 suit,
1366 2532 1398 2586 et

292 2608 332 2671 ab
347 2609 495 2694 Augusto
508 2608 637 2674 demum
654 2611 694 2673 ad
709 2608 822 2685 decies,
840 2608 888 2672 vel
904 2607 1073 2672 duodecies
1084 2605 1259 2670 sestertium
1273 2619 1396 2672 auctus.

129 2712 251 2773 Superest,
304 2709 308 2718 ’
337 2693 508 2781 Reliquum
525 2707 581 2772 est,
598 2705 633 2758 ut
648 2719 692 2759 aes
708 2717 804 2781 grave
823 2694 959 2778 priscam
974 2693 1014 2758 ed
1030 2708 1195 2793 argeutum
1210 2693 1395 2776 proportio·

130 2783 159 2824 ut
169 2780 231 2827 icem
242 2780 283 2826 Βῆ
292 2782 553 2852 ηειηῑτεῑίηυὶεεε
576 2793 749 2858 censentur,
773 2803 845 2868 quae
862 2780 1019 2844 Perizouii
1041 2779 1150 2864 opimo
1172 2791 1227 2842 est.
1272 2779 1396 2846 Firmat
1509 2807 1510 2818 ¹

131 2845 207 2904 graui,
220 2859 267 2905 quo

128 2910 263 2970 antiquitus

268 2846 375 2931 dhunc
386 2868 571 2932 sententiam
583 2889 647 2931 non
660 2868 855 2954 spernendus
866 2878 978 2931 auctor
994 2865 1197 2946 Plutarchus,
1210 2864 1265 2950 qui
1280 2865 1315 2940 iu
1332 2866 1397 2932 Ca·

127 2975 261 3022 ostensu.
292 2954 374 3016 tonis
396 2975 533 3020 censura
553 2976 623 3019 eam
646 2953 790 3041 pecuniae
812 2975 980 3032 summam,
1005 2975 1077 3039 quae
1092 2951 1185 3036 apud
1209 2951 1349 3030 Livium,
1374 2953 1396 3016 l.

129 3039 244 3100 batibus,
292 3039 468 3106 XXXIX.
484 3063 512 3105 c.
528 3051 582 3106 44.
600 3054 646 3105 est
661 3042 829 3126 quindecim
843 3041 968 3104 millium
983 3041 1063 3115 cere,
1079 3041 1217 3102 aestimat
1232 3037 1394 3104 drachmis

128 3106 230 3166 pretIunr

127 3178 251 3219 menum.
291 3213 392 3291 uario,
405 3213 525 3300 liquido
536 3227 623 3302 petet
632 3213 914 3279 decemaere'sfuisse
925 3211 1094 3277 Plutarcho
1104 3211 1270 3276 denarium
1283 3233 1395 3294 uuum.

291 3126 377 3191 mille
386 3128 579 3214 quingentis.
610 3127 721 3204 Quum
733 3127 823 3192 enim*
832 3126 984 3192 drachma
996 3148 1053 3212 par
1063 3137 1225 3191 censeatur
1236 3123 1332 3190 fuisse
1341 3127 1395 3190 de·
1509 3163 1510 3198 1

290 3299 353 3364 AEs
368 3313 473 3396 autern
489 3324 585 3388 grava
598 3301 651 3366 hic
665 3299 798 3388 intelligi
823 3299 938 3365 debere
951 3321 1017 3364 uon
1032 3298 1065 3362 id
1080 3298 1188 3362 solum·
1205 3311 1396 3446 arqumento
1509 3305 1510 3376 I

290 3388 448 3475 est,‘quod
464 3388 505 3452 de
519 3410 613 3454 censu
633 3388 749 3476 agitur,
764 3388 816 3452 sed
834 3386 913 3451 illud
928 3386 1033 3463 etiam,
1051 3384 1137 3470 quod
1151 3407 1233 3450 asses

1260 3385 1393 3463 stiores,
1509 3399 1510 3440 t

290 3475 438 3560 qui'tunc
453 3478 485 3540 iu
501 3499 561 3540 usu
580 3475 730 3552 erant,'in
749 3497 848 3540 unum
869 3473 1035 3537 denarium
1059 3470 1193 3534 sedecim
1209 3471 1394 3537 contribue·
1509 3509 1510 3562 ἦ

288 3554 423 3626 bantur:
458 3564 502 3627 ite
529 3577 570 3627 ut⁴
590 3561 770 3648 quindecim
795 3560 893 3624 millia
915 3559 1041 3623 illorum
1067 3557 1181 3622 assium
1205 3571 1270 3620 non
1297 3565 1392 3624 1500.

288 3647 438 3728 denariis,
455 3671 510 3714 seu
526 3649 695 3725 drachmis,
711 3646 766 3712 sed
781 3652 878 3732 9373.
895 3645 985 3726 paria
998 3642 1105 3708 futura
1119 3656 1231 3707 essent.

262 3759 264 3765 ·
332 3737 422 3823 Ergo
437 3737 545 3800 decern
566 3736 639 3798 aeris
658 3737 772 3822 gravis,
789 3747 825 3797 ut
840 3731 940 3807 initio,
957 3735 1000 3795 ita
1015 3743 1047 3794 et
1061 3751 1118 3814 per
1132 3751 1227 3794 omne
1242 3728 1393 3816 deinceps

289 3832 424 3906 tempus,
440 3823 607 3886 denarium
623 3819 836 3908 aequaverint:
859 3816 1254 3905 quemadmodumcontra
1266 3817 1394 3881 iomili-

288 3909 350 3971 tori
364 3910 512 3992 stipendio
525 3931 641 3992 semper
655 3907 799 3971 moriers
807 3927 869 3988 pro
884 3906 984 3968 decem
1007 3905 1183 3968 uaobusest
1197 3904 1298 3978 dulles,
1314 3915 1395 3970 teste
1509 3943 1510 3994 q

288 3994 412 4069 Plinio,¹
423 3995 444 4058 l.
460 3993 639 4060 XXXIII.
655 4015 681 4058 c.
700 4003 730 4058 3.
746 3991 778 4055 id
794 4004 849 4068 est,
863 4004 959 4074 prout
968 3990 1193 4075 interpretetur
1205 3988 1335 4074 Lipsius
1350 3989 1392 4054 ad

288 4081 367 4144 Tac.
385 4082 509 4146 Ann.·l.
527 4083 554 4147 Ι.
574 4104 602 4146 e.
623 4087 674 4149 17.
698 4099 879 4166 quenquam
902 4077 1024 4142 denarii
1047 4076 1149 4161 pretio
1170 4088 1276 4152 aucto,
1302 4075 1391 4142 miles

287 4181 393 4232 temen
406 4168 485 4233 nihil
497 4168 571 4233 inde
581 4165 742 4232 commodi
751 4164 864 4241 ¹se'osit3
887 4185 1050 4250 quumque
1061 4163 1088 4226 ei
1100 4161 1247 4228 denarius
1258 4159 1391 4226 debere·

286 4254 348 4330 tu'r,
362 4255 478 4320 'decem
490 4253 874 4332 tantummodo·esses,·ex
889 4251 1019 4335 antiqua
1032 4248 1154 4314 denarii
1170 4248 1389 4326 estimatione,

285 4364 351 4406 nou
366 4343 538 4420 sexdecim,
555 4363 596 4406 ex
613 4341 796 4416 recentiore,
813 4337 979 4404 debautuu
1018 4389 1021 4400 .
