3056 4976
314 199 352 262 iti
706 199 817 264 ΤῙΤῙ
846 195 982 264 a1v11
1052 193 1059 202 ’

150 383 181 431 u.
191 383 220 432 c.
231 367 286 434 sis.
313 357 495 444 scriberent,
510 377 543 434 et
566 355 727 434 trecenos²
740 368 877 455 equitent
900 378 932 431 et
945 368 1028 432 dena
1048 355 1146 432 millia
1160 355 1308 452 ,peditum
1324 355 1376 428 to'-

150 449 181 498 ⁶·
193 449 220 498 α
233 452 288 532 ¹⁷⁶7
312 451 369 520 ciis
383 455 568 542 nominique
583 454 710 531 latino,
726 467 757 518 et
771 463 939 518 sescenos·
952 455 1144 540 imperarent
1154 452 1283 538 equites.
1321 449 1375 514 li.
1407 481 1411 490 .

314 540 451 606 Claudio
464 551 674 627 prorogatum
684 551 732 604 est
745 539 914 627 imperium
930 539 963 604 in
979 539 1011 605 id
1027 551 1161 627 tempus,
1174 557 1237 625 quo
1252 538 1284 602 in
1301 557 1377 622 pto·

312 627 449 708 vinciam
465 627 574 692 consul
589 627 732 692 venisset.
1116 659 1119 668 ·

356 713 431 778 XV.
453 712 541 778 Dum
560 713 601 778 de
622 713 671 778 his
693 713 786 778 rebus
807 711 839 776 in
856 719 964 776 senatu
987 712 1102 800 agitur,
1118 709 1181 777 Cu.
1197 703 1376 785 Cornelius,

314 809 459 864 evocatus
473 803 493 863 'a
506 800 634 872 viatore,
651 819 749 886 quum
770 798 889 884 templo
914 815 1056 884 egressus
1077 808 1168 876 esset,
1183 795 1380 882 paullopost

314 885 407 951 rediit
422 885 556 950 confuso
570 883 668 962 vultu,
685 899 715 950 et
735 884 883 969 exposuit
900 883 1048 948 Patribus
1070 883 1266 968 conscriptis,
1281 875 1307 922 ⁶¹
1319 884 1378 946 bo·

314 973 361 1036 vis
383 973 561 1054 sescenaris,
577 993 670 1057 quem
695 970 923 1054 inmolavisaet,
944 969 1067 1056 a'Jecur
1088 968 1264 1033 defluxisse.
1287 967 1319 1030 id
1343 985 1379 1032 se

316 1058 492 1124 victimatio
506 1059 670 1123 nuncianti
692 1077 805 1142 parum
820 1057 1009 1132 credentem,
1027 1059 1129 1142 ipsum
1145 1075 1261 1156 aquam
1277 1053 1380 1118 effim-

315 1143 349 1208 di
370 1167 411 1210 ex
433 1143 506 1222 olla,
523 1147 576 1208 ubi
602 1153 677 1208 exta
701 1157 922 1230 coquerentur,
937 1143 1081 1228 jussisse:
1104 1156 1135 1206 et
1156 1142 1269 1206 vidisse
1294 1151 1379 1204 cete·

314 1249 382 1297 ram
405 1231 558 1317 integram
587 1242 707 1314 partem
722 1239 882 1307 extorum,
897 1232 988 1317 jecur
1007 1247 1101 1293 omne
1125 1227 1380 1292 inenarrabiliter

315 1317 508 1382 absumtum.
552 1317 687 1383 Territis
707 1337 745 1381 eo
770 1315 918 1404 prodigio
941 1315 1098 1391 Patribus,
1113 1328 1145 1378 et
1166 1311 1246 1380 alter
1267 1313 1381 1378 constal

314 1423 424 1469 curam
438 1403 575 1489 adjecitt
597 1403 653 1490 qui
670 1423 712 1480 se,
729 1402 815 1488 quod
836 1416 933 1486 caput
949 1401 1086 1488 jocinori
1101 1400 1259 1476 defuisset,
1276 1399 1381 1464 tribua

315 1489 420 1554 bubus
441 1489 604 1574 perlitasse
623 1491 759 1576 negarit.
805 1489 940 1555 Senatus
961 1487 1133 1573 majoribus
1154 1486 1265 1552 hostiis
1278 1503 1381 1574 usque

316 1575 357 1640 ad
371 1575 544 1641 litationem
567 1575 737 1640 sacrificari
754 1575 854 1662 jussit.
899 1575 1023 1639 Ceteris
1037 1573 1108 1638 Diis
1129 1573 1310 1660 perlitatum
1333 1571 1380 1637 ie-

266 1691 271 1700 ·
315 1674 410 1740 runt3
442 1661 542 1727 Saluti
573 1661 732 1726 Petillium
762 1661 923 1746 perlitasse
951 1673 1078 1746 negant.
1123 1660 1204 1724 lnde
1232 1659 1381 1726 consules

153 1756 289 1806 sauceia.
315 1762 531 1834 praetoresque
556 1748 732 1834 provincias
758 1747 870 1813 sortiti.
913 1746 1033 1811 ⁶³Pisee
1057 1745 1119 1812 Cn.
1136 1745 1299 1826 Cornelio,
1325 1745 1381 1810 li-

314 1853 409 1922 gotes
426 1834 552 1900 Petillia
566 1837 772 1899 obvenerunt.
818 1835 983 1909 Praetores,
1000 1833 1040 1898 L.
1055 1831 1312 1918 PapiriusMaso
1325 1850 1382 1896 ure

317 1923 444 2000 bonam,
476 1919 524 1987 M.
541 1922 679 1988 Aburius
716 1921 798 1986 later
835 1919 1030 2004 paterinos,
1062 1919 1164 1984 sortiti
1199 1932 1281 1984 sunt.
1328 1913 1380 1982 M.

283 2083 285 2094 .
317 2007 485 2073 Cornelius
512 2005 620 2092 Scipio
647 2007 877 2094 Maluginensis
942 2005 1094 2090 ispaniam
1120 2005 1313 2082 ulteriorem,
1341 2007 1381 2072 11.

315 2093 477 2180 Aquillius
500 2093 611 2158 Gallus
631 2090 769 2160 Siciliam
791 2092 913 2158 habuit.
957 2091 1036 2158 Duo
1057 2091 1218 2178 deprecati
1239 2104 1323 2170 sumt,
1337 2109 1382 2158 ne

314 2180 348 2244 in
363 2180 544 2268 provincias
557 2181 659 2244 irent:
684 2179 735 2245 M.
752 2177 906 2264 Popillius
920 2178 953 2242 in
971 2174 1162 2244 Sardiniam.
1210 2178 1381 2242 Gracchum

315 2287 381 2330 eam
389 2265 794 2351 prjooinaa'ampacare,'“et
812 2267 849 2330 Τ.
860 2267 1021 2330 AEdntinot
1030 2275 1195 2348 praetorem
1209 2263 1381 2348 arly‘ntorcnt

315 2355 355 2418 ab
368 2361 476 2420 mnata
491 2357 595 2418 mium
615 2377 686 2420 esse.
733 2355 920 2438 Intermmpi
940 2362 1070 2416 tenorem
1091 2371 1203 2428 raum,
1218 2352 1251 2416 in
1274 2350 1383 2434 quidm

309 2443 499 2526 peragendis
516 2441 707 2505 continuatio
720 2441 791 2524 ipm
813 2440 1020 2528 efficacissima
1041 2447 1125 2512 esset,
1141 2439 1263 2502 minine
1276 2455 1384 2500 conae·

304 2529 394 2592 'nire
438 2529 528 2592 Inter
540 2529 736 2592 traditionem
751 2528 875 2609 imperii
888 2527 1109 2610 novitatemque
1118 2523 1385 2608 montanisque

262 2619 264 2624 ’
316 2616 473 2680 noscendis
480 2616 582 2695 priate,
598 2633 687 2696 mcum
702 2613 841 2695 agendis,
855 2612 943 2678 rebat
962 2611 1120 2674 imbuenda
1140 2611 1191 2686 sit,
1208 2627 1288 2694 sape
1307 2609 1385 2674 tenc

313 2702 459 2786 gerenda
472 2701 521 2762 rei
533 2701 702 2762 occasiones
715 2699 909 2762 intercidere.
954 2695 1093 2762 Probata
1110 2693 1236 2780 Popillii
1251 2715 1384 2781 excusa-

318 2785 365 2849 tio
378 2798 435 2848 est.
482 2783 519 2848 P.
537 2779 678 2848 Licinius
694 2783 826 2848 Crassus
840 2781 998 2851 sacrificiis
1012 2805 1045 2847 se
1066 2779 1203 2866 inpediri
1220 2781 1383 2846 sollemni-

319 2873 377 2935 bus
400 2873 583 2946 excusabat,
606 2891 647 2934 ne
668 2870 701 2934 in
724 2867 919 2955 provinciam
945 2869 1015 2933 iret.
1060 2869 1198 2933 Citerior
1220 2867 1384 2954 Hispania

318 2956 502 3022 obvenerat.
547 2956 697 3020 Ceterum
712 2969 769 3020 aut
783 2955 829 3020 ire
844 2957 961 3042 jussus,
976 2966 1033 3020 aut
1051 2956 1159 3040 jurare
1180 2973 1240 3040 pro
1254 2954 1384 3040 conmo-

318 3062 369 3120 ne,
386 3041 529 3106 sollemni
550 3042 706 3108 sacrificio
724 3063 756 3106 se
781 3042 953 3126 prohiberi.
975 3042 1007 3106 id
1023 3038 1077 3105 ubi
1091 3042 1124 3104 in
1142 3041 1180 3106 P.
1197 3041 1323 3106 Licinio
1338 3043 1384 3104 ita

318 3140 472 3194 statutum
488 3142 545 3206 est,
560 3141 592 3194 et
613 3130 654 3194 ab
669 3149 703 3196 se
720 3129 766 3193 uti
783 3129 1012 3216 jusjurandum
1026 3129 1214 3214 acciperent,
1232 3126 1283 3192 M.
1301 3127 1384 3192 Cor-

317 3214 419 3279 nelius
440 3215 619 3300 postulavit,
638 3235 680 3280 ne
702 3215 734 3279 iu
760 3214 950 3300 Hispaniam
973 3214 1153 3279 ulteriorem
1176 3216 1246 3280 iret.
1292 3213 1383 3277 Prae·

250 3379 255 3390 .
317 3315 400 3366 tores
415 3301 510 3366 ambo
532 3303 564 3366 in
580 3303 688 3367 eadem
704 3302 800 3366 rerba
815 3302 1075 3390 “jurejurarunt
1098 3301 1179 3366 66Μ.
1196 3300 1336 3365 Titinius
1351 3315 1384 3364 et

524 3462 538 3489 2
550 3465 663 3506 merentur
674 3459 748 3518 Gran.
761 3459 830 3506 cren.
956 3459 968 3489 Ι
978 3463 1099 3504 amnentur
1110 3457 1174 3504 Eed.

315 3593 462 3648 umidarum·
483 3596 556 3656 quista
574 3595 654 3642 millia
675 3598 702 3642 in
723 3595 834 3656 singutas
865 3594 949 3642 delabi.
983 3597 1017 3640 st
1039 3595 1078 3640 lric
1100 3597 1168 3656 Jecur
1189 3590 1382 3654 coltiqaetaetnm

316 3665 340 3704 et
367 3659 465 3705 ducenos
489 3660 591 3720 pedites,
613 3667 716 3707 trecenos
736 3663 832 3724 equites.
865 3661 969 3717 etat,et‚
985 3665 1012 3706 ut
1031 3673 1086 3708 mox
1102 3661 1197 3720 dieitur,
1214 3660 1385 3706 inenarrabili·

230 3735 234 3742 ·
317 3724 371 3771 Vid.
384 3737 489 3784 rupra,c.
503 3731 525 3773 9.
537 3731 562 3770 et
573 3726 589 3772 l.
598 3723 653 3770 XL.
665 3739 685 3771 c.
700 3732 736 3771 18.
866 3725 1072 3786 teralsumptnm.
1325 3769 1327 3776 ,

348 3791 377 3836 81
396 3789 471 3836 Bonis
492 3789 634 3851 secerneris]
664 3791 745 3850 Hujus
767 3791 832 3838 vocis
897 3795 927 3836 63
945 3789 1013 3836 Pisa
1030 3788 1201 3848 (incontrito,
1214 3789 1322 3856 Ltgnrer
1336 3787 1385 3835 Pe-

315 3851 414 3900 omuino
442 3855 566 3915 ignoratur
592 3869 682 3904 seusus
724 3855 832 3916 suspica·
865 3853 939 3918 tillia]
963 3855 1007 3902 Vel
1027 3857 1123 3916 utrique
1139 3856 1270 3902 addendum
1290 3867 1386 3916 mena·

314 3917 832 3980 turGutltcriutreleamderirariarcena‚
865 3933 919 3967 men
943 3918 1045 3976 ridetur,
1067 3917 1105 3969 tei
1136 3921 1228 3981 utrique
1255 3920 1382 3968 detraben-

315 3995 388 4044 qutm
405 3983 490 4032 Festus
507 3985 576 4031 docet
593 4000 643 4032 esse
663 3990 705 4032 aut
722 3988 832 4044 securim,
865 3987 929 4034 dum.
1205 3993 1207 4002 ’
1381 4001 1384 4006 “

315 4055 357 4096 aut
376 4049 496 4096 dolabrum
513 4050 728 4112 poscinummia
743 4057 771 4098 ut
786 4065 833 4098 ser·
898 4055 929 4098 64
946 4051 983 4097 Et
1002 4044 1181 4116 MAEiuttnnt]
1204 4049 1279 4098 neate
1306 4049 1386 4110 turpi·

315 4115 408 4162 cencris
420 4115 463 4162 bos
478 4115 555 4162 dictus
566 4115 607 4174 sit,
618 4117 661 4163 boa
672 4131 700 4164 eo
712 4117 782 4164 cultri
793 4131 834 4178 gc·
865 4121 933 4164 catur
943 4117 1080 4164 Gronovius
1096 4129 1139 4180 pro
1155 4123 1179 4163 et
1196 4115 1321 4180 legendum
1333 4129 1386 4162 ease

314 4193 370 4226 nera
396 4179 549 4228 immolatus:
577 4183 614 4227 vel
637 4181 760 4244 legendum
782 4195 834 4229 esse
866 4184 896 4229 ei.

314 4246 450 4306 sagmaria,
464 4245 662 4304 idestflaginati.
898 4251 928 4294 65
945 4243 1132 4310 Jnrq‘urcrunt]
1163 4247 1267 4294 Verbum
1305 4257 1387 4294 ratum

347 4307 619 4373 cenomannense]
638 4311 833 4374 Perizoniualegi
865 4311 1001 4370 admodum,
1024 4317 1049 4359 et
1071 4313 1138 4372 cajus
1163 4309 1227 4360 baud
1250 4311 1314 4358 aliud
1336 4309 1386 4356 ior-

311 4371 381 4431 jabet
403 4373 429 4422 dr·
454 4377 540 4422 nanae.
574 4377 686 4437 Deficere
711 4378 773 4423 eninr
797 4383 833 4424 est
865 4383 927 4426 tasse
952 4377 1083 4440 exemplam
1106 4383 1205 4425 exstet.
1222 4377 1259 4424 Ac
1280 4369 1386 4433 dubitari
