3120 4984
460 129 554 221 urii.
576 160 688 221 xarv.
716 161 820 221 car.
843 164 881 223 x.
1151 173 1208 236 aaa

133 319 296 390 desultore
319 325 423 404 misso,
440 326 495 391 vix
512 327 606 391 unius
627 327 719 392 horae
733 337 859 411 tempus
876 321 1049 413 utrumque
1060 329 1205 396 curriou-
1217 343 1245 391 tt.
1257 345 1284 393 c.
1296 342 1354 396 tas

133 407 200 474 lum
216 411 409 500 complebat.
453 414 542 478 Inter
557 426 662 479 cetera
676 437 751 479 sexa
775 415 826 478 eni
842 413 941 480 ferme
950 415 1093 501 juvenes,
1107 411 1285 482 inter-¹⁴³·
1297 413 1351 462 ¹⁶⁹·

133 497 210 562 dum
240 499 359 584 plures,
389 498 683 585 ⁵²adparitoribuse
710 437 778 565 ludi
816 503 927 566 armati
961 500 1206 570 inducebantur.

134 581 251 649 horum
266 587 411 652 inductio
424 585 491 651 ⁵³in
506 600 597 673 parte
611 587 819 670 simulacrum
836 589 1033 652 decurrentis
1049 591 1208 656 exercitus

132 683 218 750 erat3
247 695 286 738 ex
300 686 392 759 parte
411 673 646 762 “elegantioris
669 675 821 751 exercitii,
838 697 933 761 quarn
954 675 1098 740 militaris
1119 679 1207 757 artis,

128 760 329 847 propiorque
357 760 583 849 gladiatorium
614 781 779 827 armorum
810 783 915 826 usum.
959 761 985 802 ⁵⁵
995 761 1105 837 Quum
1130 763 1208 830 alios

130 844 286 912 decursus
308 848 483 913 edidissent
505 861 622 926 motus,
646 846 802 936 quadrato
831 848 959 935 agmine
983 847 1079 926 facto,
1111 852 1208 917 scutis

47 957 50 962 ·
128 953 227 1018 super
241 936 347 1019 capita
361 935 511 1013 densatis,
528 936 684 1000 stantibus
708 935 829 1020 primis,
855 934 1002 998 secundis
1025 936 1208 1004 submissio-

128 1019 231 1098 ribus,
255 1022 363 1086 tertiis'
380 1023 480 1110 magis
502 1034 534 1087 et
556 1023 686 1108 quartis,
710 1022 879 1106 postremis
893 1023 988 1085 etiam
1011 1045 1098 1110 genu
1119 1025 1206 1103 nisis,

128 1107 428 1196 fastigatam‚·sicut
454 1121 538 1173 tecta
560 1108 771 1173 edificiorum
794 1119 878 1187 sunt,
897 1109 1089 1173 testudinem
1112 1109 1207 1176 facie-

130 1194 219 1259 bant.
268 1195 356 1262 Hinc
385 1195 620 1283 quinquaginta
648 1194 749 1260 ferme
777 1194 896 1279 pedum
926 1195 1028 1279 spatio
1054 1195 1207 1264 distantes

127 1281 195 1346 duo
211 1283 326 1346 armati
348 1281 590 1367 procurrebant,
607 1282 857 1367 comminatique
878 1281 1019 1360 inter‘se,
1037 1283 1078 1346 ab
1093 1283 1157 1348 ima
1171 1283 1205 1349 in

126 1389 289 1434 summam
315 1369 505 1434 testudinem
536 1390 593 1454 per
616 1369 867 1434 densata·scuta
897 1391 995 1455 quum
1023 1369 1205 1453 evasissent,

125 1477 217 1521 nunc
231 1455 319 1520 velut
333 1471 572 1542 propugnantes
586 1478 644 1541 per
659 1477 730 1520 oras
752 1466 904 1520 extremae
920 1455 1098 1534 testudinis,
1119 1479 1206 1524 nunc

126 1544 162 1607 in
180 1543 286 1607 media
296 1543 381 1608 inter
392 1565 426 1608 se
441 1557 673 1620 concurrentes,
690 1543 778 1607 haud
794 1561 883 1606 secus
905 1563 1000 1627 quam
1016 1543 1121 1608 stabili
1137 1545 1206 1622 solo

122 1630 359 1716 persultabant.
405 1629 496 1694 Huic
516 1631 667 1694 testudini
683 1628 843 1693 simillima
863 1630 946 1713 parti
962 1631 1044 1694 muri
1061 1631 1204 1714 admota,

53 1776 59 1788 ,
123 1739 230 1804 quum
252 1717 364 1782 armati
387 1728 602 1800 superstantes
624 1716 792 1796 subissent,
808 1717 1100 1804 propugnatoribus
1120 1721 1205 1784 muri

122 1805 256 1892 fastigio
277 1803 456 1869 altitudinis
481 1804 708 1888 aequabantur:
736 1802 940 1889 depulsisque
961 1801 1009 1878 iis,
1033 1805 1067 1868 in
1091 1805 1202 1870 urbem

122 1892 301 1956 ⁵6duorum
339 1892 503 1974 signorum
529 1889 645 1954 milites
681 1889 955 1954 transcenderunt.
1003 1890 1043 1954 Id
1079 1905 1204 1958 tantum

123 1979 281 2045 dissimile
301 1976 372 2056 fuit,
389 1977 488 2064 quod,
510 1990 540 2041 et
564 1980 595 2040 in
618 1976 724 2041 fronte
746 1989 900 2054 extrema,
924 1989 956 2041 et
979 1999 1018 2040 ex
1040 1977 1203 2057 lateribus,

122 2067 186 2132 soli
208 2087 274 2129 non
303 2066 461 2129 habebant
487 2085 581 2149 super
610 2065 716 2149 capita
745 2065 826 2128 elata
856 2076 944 2128 scuta
977 2087 1016 2128 ne
1046 2065 1204 2132 nudarent

123 2175 282 2239 corpora3
312 2151 338 2196 ⁵⁷
347 2151 401 2216 sed
425 2163 578 2235 praetecta
606 2152 819 2237 pugnantium
847 2173 946 2214 more.
977 2152 1022 2215 ita
1044 2174 1103 2216 nec
1119 2155 1203 2237 Ipsos

121 2243 189 2307 tela
204 2261 244 2302 ex
268 2261 361 2303 muro
384 2240 478 2302 missa
501 2238 671 2301 subeuntes
686 2237 897 2313 laeserunt,'et
913 2237 1065 2301 testudini
1086 2239 1203 2324 injecta

123 2327 239 2393 imbris
258 2327 291 2389 in
316 2326 446 2389 modum
471 2324 596 2388 lubrico
618 2323 688 2388 lasti
713 2325 745 2388 io
767 2323 903 2387 innoxia
925 2324 964 2386 ad
994 2323 1094 2388 imum
1116 2325 1202 2393 labe-

120 2417 252 2481 bantur.
296 2415 341 2477 Et
361 2411 484 2491 consul,
500 2423 596 2496 capto
611 2412 680 2496 jam
690 2345 870 2486 lleracleo,
886 2421 989 2474 castra
1010 2431 1050 2474 eo
1072 2433 1200 2494 promo-

121 2504 168 2568 vit
179 2530 201 2584 3.
217 2513 379 2585 tamquam
397 2499 510 2576 Dium,
526 2513 631 2585 atque,
649 2498 723 2563 inde
737 2497 885 2562 submoto
899 2517 984 2584 rege,
1001 2497 1033 2560 in
1060 2499 1198 2564 Pieriam

120 2591 221 2656 etiam
251 2608 484 2675 progressurus.
532 2585 607 2665 Sed,
638 2584 772 2650 hiberna
803 2586 871 2670 jam
907 2603 1102 2668 praeparans,
1134 2586 1199 2650 vias

120 2675 355 2744 commeatibus
369 2671 581 2738 subvehendis
596 2695 636 2737 ex
648 2671 813 2736 Thessalia
829 2671 947 2734 muniri
956 2671 1061 2758 jubet,
1076 2684 1108 2737 et
1123 2673 1199 2761 eligi

119 2763 247 2830 horreis
262 2774 443 2848 opportuna
457 2760 529 2823 loca
545 2771 691 2846 tectaque
706 2759 869 2835 aedificari,
888 2757 942 2822 ubi
957 2760 1109 2825 diversari
1125 2781 1199 2846 por-

119 2866 226 2918 tantes
240 2859 436 2914 commeatus
451 2859 588 2931 possent.
957 2925 960 2933 1

163 2938 211 3003 Χ.
235 2937 379 3010 Perseus,
395 2933 525 2998 tandem
547 2931 597 2997 ⁵⁸a
611 2955 730 3018 pavore
753 2956 802 3009 eo,
820 2955 885 3018 quo
904 2933 1066 2998 adtonitus
1081 2933 1195 3012 fuerat,
1207 2950 1284 2996 radet
1296 2950 1355 2998 Per-

495 3039 547 3086 ‘ab
557 3039 729 3099 apparitoribus
739 3039 816 3086 Gran.
1205 3017 1353 3075 ’ἕψω

119 3135 176 3184 bus,
189 3141 210 3174 c·
223 3125 263 3172 50·
280 3125 347 3171 hunc
360 3123 424 3170 Liuii
440 3125 522 3169 locum
537 3121 641 3177 allegari·
670 3118 782 3182 jectura:
806 3119 924 3167 interdum
940 3121 1023 3182 plures
1041 3081 1251 3183 apparatus-⁸¹¹⁸

119 3207 168 3254 tes,
195 3191 295 3244 habent,
321 3189 389 3236 Nam
410 3187 479 3236 :eard
502 3186 641 3247 quaeregio.-
675 3185 795 3233 butadis.

117 3264 171 3310 sive
185 3250 367 3316 exconjectura
384 3253 532 3313 corrigerent
550 3253 641 3308 locum,
707 3250 740 3298 53
755 3251 787 3297 Ia
799 3253 871 3310 parte
887 3280 894 3294 .
911 3279 918 3292 ·
935 3264 966 3296 ex
980 3249 1063 3313 parte]
1088 3247 1149 3298 Ilaec
1160 3253 1196 3299 sic

118 3325 206 3376 sivein
218 3320 268 3366 suis
278 3319 342 3366 Livii
349 3319 528 3378 exemplaribus
536 3317 571 3362 sit
577 3317 641 3376 lege·
674 3315 817 3370 dictasunt,
829 3316 951 3376 quomodo
965 3316 986 3361 si
996 3316 1123 3362 iteraretur
1134 3329 1197 3376 por.

116 3397 181 3441 rent.
215 3385 264 3440 Qui
280 3385 330 3430 sint
342 3384 485 3437 desultores,
502 3383 573 3428 docet
589 3381 641 3441 ipse
675 3382 727 3426 tr'm.

116 3457 187 3506 ttIIud
202 3451 296 3514 agendo
308 3448 402 3504 Livius,
414 3449 432 3495 l.
445 3447 545 3495 XXIII.
562 3461 583 3493 c.
594 3447 640 3506 ,29.
706 3443 739 3492 64
756 3444 918 3507 Elagaattorts
925 3444 1043 3499 exercitii,
1052 3457 1121 3504 quom
1129 3447 1197 3493 mili·

27 3559 28 3564 ,
120 3517 257 3570 Namtdae.
273 3544 281 3558 ·
295 3512 641 3575 quttmdaulroramtanw.
674 3510 829 3574 tarirartis]
860 3509 981 3570 Exporge
996 3523 1054 3556 cum
1071 3510 1194 3558 Gronorio

119 3590 177 3635 dum
199 3583 263 3630 ttaoa
286 3578 430 3626 trahentibus
448 3591 516 3642 equor
532 3577 595 3623 eruar
615 3591 640 3622 a·
673 3589 758 3626 vocem
769 3577 836 3623 ortis.
962 3599 966 3606 ·

117 3653 244 3700 ceramum
271 3657 330 3704 rape
349 3657 458 3705 pugnam
480 3645 506 3689 in
528 3643 641 3690 recentem
705 3642 738 3690 st
755 3640 835 3698 Quam
856 3641 914 3687 alios
939 3639 1047 3686 decurras
1069 3638 1195 3688 edidissent

118 3729 203 3778 equum
224 3727 255 3759 ea
277 3708 344 3768 serso
364 3709 464 3755 amastis
489 3707 641 3756 transultare
673 3702 760 3769 amma]
787 3707 861 3752 Malit
883 3702 999 3768 Dujatirrs
1024 3705 1138 3754 daturam
1168 3713 1194 3753 et

117 3796 166 3828 mor
188 3781 246 3826 crat.
280 3771 393 3834 Denique
416 3773 461 3836 hqc
483 3765 568 3820 eodem
588 3771 642 3816 loco
673 3772 761 3818 merito
772 3771 879 3831 quidem.
1132 3781 1135 3796 ·

117 3844 255 3892 Gronovius
273 3837 381 3902 reposuit
398 3853 429 3886 ex
445 3838 551 3898 antiquis
570 3834 642 3882 editis
706 3835 738 3883 66
754 3836 865 3882 Duorum
872 3834 1132 3897 signorum]'ssuorum
1140 3849 1193 3882 ma-

118 3914 243 3970 utrumquc
269 3905 424 3959 anniadum,
455 3917 532 3964 quum
558 3913 641 3947 recen·
674 3901 824 3962 ntpulorum.
840 3900 989 3948 vitreae.
1001 3899 1193 3947 adtxxxln.

118 3976 192 4021 tiores
206 3971 323 4020 mendose
333 3971 441 4017 habeant
456 3973 580 4026 utramque
593 3965 641 4010 cir·
673 3981 694 4013 c.
707 3967 730 4012 l.

118 4039 203 4086 celum.
239 4035 389 4083 Curricuhoa
405 4033 445 4080 hic
460 4034 526 4080 idem
537 4031 641 4078 valette
706 4029 941 4091 erectaerecta]
974 4031 1081 4090 Reponit
1095 4029 1193 4091 LIpsius

120 4116 209 4150 cursus.
669 4099 792 4156 protento.
826 4095 940 4140 Refertur
951 4097 1017 4141 enIm
1028 4097 1060 4141 ad
1070 4101 1140 4142 serato

152 4166 185 4214 te
201 4165 387 4228 Apparitonbur
393 4160 457 4230 luds]
469 4163 508 4211 Sit
515 4162 642 4222 legebatur
707 4159 739 4206 58
755 4158 778 4205 A
786 4171 891 4218 pavore.
901 4187 908 4201 .
918 4161 1005 4216 recepto
1013 4160 1192 4224 emmarricus]

119 4233 145 4279 In
172 4233 295 4278 veteribus
316 4230 398 4283 editis,
420 4235 483 4277 teate
510 4224 641 4274 Gronorio.
674 4220 772 4286 Adjecit
780 4222 894 4282 Sigonius
902 4222 1014 4268 voculam
1022 4232 1077 4282 a,et
1086 4225 1134 4286 legi
1140 4221 1196 4286 jus·

121 4295 216 4357 Nuperi
227 4293 370 4358 adjecerunt
386 4295 415 4341 ab
426 4300 483 4341 ante
498 4291 642 4353 apparitori·
673 4289 705 4334 sit
716 4287 787 4334 molle
797 4301 841 4346 pro
851 4284 936 4332 mallet.

120 4360 167 4408 bur.
202 4361 316 4407 Multum
336 4360 461 4407 blanditur
472 4357 564 4406 Mureti
583 4368 640 4403 con-

164 4443 238 4489 vol..
255 4445 299 4488 tv.
733 4435 759 4482 K
