3154 4984
342 227 401 286 suu
734 221 1011 286 T1TJL1vtr

183 395 319 449 u.c.sst.
341 381 508 474 regenam,
535 381 586 453 adt
613 383 878 472 wudio'flrrent
906 389 1011 472 prime
1033 387 1167 476 registris
1191 383 1396 472 Anptu'potin,

181 463 319 554 aona
340 477 477 544 nonae
505 476 744 553 Tamassos,
776 481 870 543 susa
893 479 1023 554 Paua,
1053 475 1169 562 quarte
1193 473 1394 562 stagnum

332 559 424 648 seuit.
466 564 518 626 Eo
544 562 668 627 maulia
689 562 786 627 “aare
798 561 942 650 'crp'asqaa
965 564 1100 650 regionis
1121 563 1227 639 indici,
1242 563 1398 646 pecandum

338 645 477 728 consortii,
490 649 535 712 iii
548 647 748 733 magistratus
766 651 862 715 macri
872 650 992 735 jussit,
1023 649 1249 714 pronunciavit
1269 647 1395 724 deiude,

341 733 469 818 ⁴⁶‘saepire
489 735 672 812 manebam,
687 757 782 819 neque
801 737 1006 800 communium
1029 757 1172 822 operum
1194 735 1396 816 adficiuntur·

269 881 271 888 .
340 838 400 906 que
409 822 487 884 inter
500 840 532 882 se
539 822 663 903 plaeere
675 823 810 906 cuiquam
821 821 995 902 setrafines
1005 823 1206 908 regionam
1217 843 1290 885 esse.
1325 821 1396 884 Μό-

341 907 419 970 talla
441 927 558 992 quoque
579 907 649 970 auri
672 917 764 992 utque
786 910 906 994 argenti
925 929 984 972 nors
1007 905 1153 974 e'eercea:
1167 906 1251 988 serni
1275 918 1305 970 et
1329 907 1397 971 atis

336 993 476 1076 permitti.
520 991 661 1080 vectigal
679 989 901 1061 enascentibus
928 993 1096 1060 dimidium
1121 995 1187 1080 ejus
1215 993 1399 1079 inpositum,

339 1078 427 1230 guod
441 1078 661 1163 pependissent
684 1082 763 1166 regi.
789 1097 791 1106 ⁴
808 1081 852 1146 Et
875 1080 939 1145 sale
959 1081 1083 1146 invecto
1097 1081 1143 1144 uti
1159 1079 1266 1145 vetuit.
1310 1079 1394 1144 Der-

362 1165 431 1230 anis
454 1165 665 1250 repetentibus
686 1167 858 1247 l'aeonianr,
873 1167 958 1253 quod
980 1181 1012 1230 et
1033 1189 1089 1234 sua
1109 1165 1226 1244 fuisset,
1243 1182 1275 1230 et
1294 1165 1396 1230 couti·

339 1265 418 1316 nens
431 1266 511 1319 essct
526 1250 641 1315 finibus
656 1254 730 1329 suis,
743 1255 878 1318 omnibus
889 1257 965 1317 dare
987 1253 1150 1318 libencius
1162 1251 1396 1337 pronunciarit,

339 1341 391 1424 qui
403 1340 458 1402 srrb
470 1357 563 1423 ragno
578 1337 685 1402 Persei
693 1337 837 1422 sumt.
872 1337 959 1404 ¹Post
973 1361 1038 1404 non
1053 1341 1252 1424 impetratam
1269 1337 1397 1402 Paeoni-

339 1416 445 1502 atu,‘⁴⁷
452 1423 525 1487 salis
539 1428 764 1490 commercium
785 1425 890 1491 dedit:
913 1427 1015 1491 tertiat
1030 1427 1152 1513 regioni
1166 1425 1343 1510 imperarit,
1359 1438 1395 1489 ut

339 1511 457 1576 Stobos
473 1509 621 1574 Pacata
636 1509 836 1590 deveherent,
860 1512 1059 1597 pretiumque
1080 1513 1198 1578 statuit.
1241 1511 1394 1576 Natalem

338 1597 503 1662 mantiam
516 1608 547 1660 et
560 1596 646 1679 ipsos
668 1598 798 1674 eradere,
814 1612 846 1662 et
861 1598 939 1662 alios
952 1600 1019 1683 pati
1032 1601 1142 1664 vetuit.
1187 1597 1395 1685 Regionibus,

263 1736 266 1741 .
339 1707 412 1771 quae
433 1681 553 1748 adfines
575 1683 717 1749 barbaris
739 1699 852 1762 essent,
876 1689 1022 1769 (excepta
1041 1699 1147 1750 autem
1169 1687 1271 1762 tertia,
1286 1705 1399 1748 omnes

338 1772 443 1924 aaut)
457 1767 610 1856 permisit,
633 1785 667 1836 ut
688 1771 835 1858 praesidia
857 1785 978 1836 armata
992 1772 1024 1836 in
1039 1771 1158 1837 finibus
1177 1770 1324 1838 extremis
1337 1770 1398 1834 ha-

378 1871 461 1925 rent.
1049 1883 1079 1914 ¹.
1365 1912 1367 1916 .

266 1971 268 1980 ’
381 1945 501 2012 XXX.
525 1948 620 2026 Haec,
647 1948 859 2033 pronunciata
886 1949 990 2032 primo
1018 1947 1071 2012 die
1089 1960 1284 2030 conventus,
1307 1943 1396 2008 varie

337 2031 521 2098 adiecerunt
535 2035 666 2099 animos.
711 2033 857 2099 Libertas
871 2048 987 2120 praeter
1001 2055 1088 2118 spem
1103 2034 1178 2098 data
1192 2031 1328 2108 adrexit,
1344 2039 1394 2095 et*

336 2118 474 2185 levatum
500 2143 641 2186 annuum
662 2120 805 2206 vectigal.
852 2121 1054 2208 Regionatirn
1078 2120 1274 2185 commerciis
1296 2118 1395 2181 iuter-

334 2206 438 2292 ruptis
459 2207 540 2272 ⁴⁸ita
558 2208 655 2273 videri
677 2206 823 2282 lacerata,
840 2221 1001 2293 tamquam
1023 2207 1171 2272 animalia
1185 2207 1331 2284 inaltus,
1346 2203 1392 2267 al-

335 2306 438 2358 terum
453 2293 584 2360 alterius
597 2293 666 2358 indi
708 2307 785 2370 ntes,
806 2293 972 2358 distracta:
996 2294 1085 2372 adeo,
1102 2307 1221 2382 quauta
1238 2290 1392 2356 Macedo-

333 2379 388 2444 nia
408 2393 498 2459 essct,
515 2402 610 2469 quam
625 2315 772 2444 ”diuisui
793 2379 903 2458 facilis,
917 2379 1016 2445 ⁵⁰eta
1029 2403 1063 2444 sa
1077 2382 1146 2463 ipsa
1160 2377 1293 2465 quasque
1314 2399 1391 2442 aon·

173 2470 317 2534 anani·
330 2479 431 2550 temta
458 2488 533 2553 para
557 2480 648 2544 esset,
676 2465 872 2531 Macedones
900 2485 1026 2553 quoque
1061 2465 1258 2556 ignorabant,
1314 2464 1394 2528 Pars

168 2549 276 2596 ΟΜ·
331 2553 435 2638 prima
464 2552 734 2634 Bisaltas-habet,
763 2551 951 2640 fortissimos·
974 2553 1069 2630 viros,
1095 2551 1228 2637 (⁶¹trans
1256 2550 1392 2616 Nessum

170 2619 281 2716 quana.
331 2657 456 2704 amnem
485 2639 629 2705 incolunt
657 2649 689 2704 et
717 2638 800 2703 circa
821 2639 1036 2726 Strymonem)
1059 2652 1090 2704 et
1119 2639 1234 2704 multas
1261 2637 1389 2724 frugum

330 2727 549 2811 proprietates,
580 2738 611 2791 et
639 2723 775 2802 metalla,
805 2739 837 2790 et
871 2723 1154 2810 opportunitatem
1171 2723 1393 2810 Amphipolis:

331 2833 404 2900 qaae
418 2813 542 2898 objecta
562 2810 682 2876 claudit
703 2833 813 2876 omnes
834 2811 875 2876 ab
897 2813 1018 2876 oriente
1035 2815 1100 2876 sole
1114 2813 1147 2875 in
1164 2811 1388 2876 Macedoniam

330 2898 446 2962 aditus.
491 2897 637 2962 Secunda
651 2919 724 2982 pars
742 2897 961 2963 celeberrimas
971 2895 1079 2976 urbes,
1096 2897 1340 2962 Thessalonicen
1356 2907 1389 2968 et
1482 2929 1485 2934 ·

330 2983 573 3062 Cassandriam,
587 2983 698 3058 habet;
722 2983 764 3048 ad
787 2984 847 3048 hoc
861 2984 1022 3062 Pallenen,
1045 2983 1179 3049 fertilem
1201 3007 1239 3048 ac
1260 2984 1309 3048 fru
1333 2983 1389 3046 ‘te-

327 3091 396 3138 ram
413 3083 546 3138 terram:
574 3070 747 3136 maritimas
768 3091 895 3158 quoque
919 3071 1171 3156 opportunitates
1194 3072 1224 3134 ei
1244 3090 1313 3155 pree
1375 3081 1390 3134 t

764 3231 778 3259 Ψ
788 3231 811 3274 rt
821 3229 869 3277 del.
880 3227 956 3277 Gron.

358 3359 391 3407 ts
407 3361 463 3408 Sue
482 3363 589 3426 cujusque
610 3347 725 3426 regionis]
754 3359 841 3408 Potius
873 3360 973 3408 omnino
990 3360 1095 3415 homati,
1112 3371 1200 3420 nempe
1216 3359 1264 3420 ipsi
1274 3359 1390 3408 Macedo·

325 3439 377 3483 sua,
392 3426 473 3486 inquit
484 3427 629 3473 Gronovius.
662 3425 720 3472 vit.
735 3439 808 3486 supra
823 3425 840 3470 1.
873 3435 924 3472 net.
958 3453 961 3464 ·

326 3490 373 3538 111.
380 3504 403 3538 c.
415 3492 456 3540 22.
464 3497 489 3538 et
499 3492 517 3538 l.
528 3490 610 3538 XXV.
622 3504 644 3538 c.
657 3489 695 3537 l't.
779 3519 783 3528 ·
904 3488 938 3537 ts
953 3488 1159 3554 Dicirutsattlir]
1175 3490 1391 3553 mescmpsit

356 3555 389 3613 tii
406 3555 490 3617 Neque
514 3555 660 3613 cannatina,
682 3565 754 3616 neque
781 3567 841 3600 ωηι-
873 3553 1052 3602 Livlutdiuira.
1085 3555 1133 3601 Sed
1144 3556 1390 3604 taneotamviaetur

323 3619 448 3683 maium]
464 3619 524 3666 Jam
539 3620 599 3666 olim
617 3619 703 3666 similis
718 3619 781 3664 lexa
792 3617 841 3664 Ro·
873 3621 922 3666 dtci
936 3631 1006 3680 posse
1022 3618 1195 3682 reglc'dicr'nri
1205 3618 1300 3681 facitis,
1314 3630 1390 3681 quam

323 3686 403 3731 mania
417 3685 482 3731 dicta
498 3683 627 3731 Latinisat
640 3683 761 3738 Hermaia,
768 3683 842 3729 Vlll·
874 3684 936 3732 citas
964 3684 1099 3747 facillimas
1132 3682 1163 3729 ud
1195 3686 1389 3745 macoqaeaclaao,

325 3747 419 3798 ibix.
431 3749 472 3797 48.
873 3750 995 3810 quomodo
1010 3750 1105 3797 locutus
1121 3754 1159 3795 est
1170 3749 1264 3809 cicero,
1274 3751 1292 3797 1.
1309 3751 1342 3797 11.
1359 3752 1390 3798 de

356 3813 388 3862 tr
404 3814 469 3860 Satis
491 3813 665 3860 commmctnm'
678 3811 752 3875 dedit]
783 3811 841 3858 Pcr-
874 3813 928 3860 Fin.
939 3827 961 3862 c.
973 3812 1012 3860 20.

323 3878 391 3925 misit
410 3878 531 3926 Dardanis
553 3878 629 3924 salem
650 3891 681 3924 ex
697 3877 841 3924 Macedonia
906 3879 939 3925 50
954 3878 991 3926 Et
1006 3892 1020 3924 a
1036 3893 1061 3925 re
1081 3881 1131 3938 ipsa
1150 3891 1245 3941 qaoepue
1261 3883 1388 3940 matesspta

323 3944 441 3991 macaria
458 3955 533 4004 quem
540 3949 569 3988 ut
578 3941 672 3988 facilius
680 3941 788 3988 Dardani
799 3942 841 3988 ba·
870 3943 941 4006 pars]
953 3943 1067 3990 Dubitari
1076 3957 1126 3990 non
1136 3951 1227 4003 potest,
1236 3945 1296 4004 quin
1306 3943 1391 3992 uvius

322 4007 379 4054 bere
390 4013 495 4068 possem,
506 4007 635 4066 imperavit
646 4005 725 4052 tertia
738 4006 840 4066 regioni,
873 4008 1005 4068 sculpserit,
1020 4012 1043 4055 ct
1060 4021 1085 4055 se
1103 4008 1154 4068 ipra
1169 4021 1264 4068 quaque
1284 4011 1388 4056 mic

323 4072 366 4116 ubl
380 4072 497 4120 nimbum
514 4071 623 4118 maxima
633 4071 690 4118 salia
700 4071 769 4130 copia
779 4077 841 4128 erat,
868 4077 1012 4132 pmterretr
1025 4073 1109 4130 idest,
1119 4085 1194 4132 quarn
1205 4072 1312 4134 sibiipsa
1322 4087 1389 4134 quta-

323 4141 352 4180 at
368 4135 454 4182 Stobos
473 4136 630 4192 deveherent,
639 4135 705 4196 quud
724 4135 841 4198 oppidum
873 4149 986 4198 quepara
997 4138 1125 4184 sufficeret

289 4240 294 4252 „
321 4199 482 4260 haudprcoul
493 4200 776 4248 aberataDardanorum
790 4199 841 4246 tui·
906 4199 936 4247 tr
955 4201 1032 4248 Trous
1043 4201 1147 4249 Nessana
1165 4215 1255 4250 aarum
1271 4201 1386 4264 incolent]

322 4264 378 4312 bus.
877 4266 1388 4326 {nuenarianamsireuquamttsaeuo-

355 4327 387 4378 48
404 4330 445 4375 Ito
455 4328 529 4376 uiden
547 4329 660 4392 hemam]
677 4329 746 4376 Nihil
758 4336 795 4375 est
807 4331 838 4376 ad
871 4331 939 4376 niam
949 4331 1071 4391 respicias,
1079 4330 1218 4380 &Romam
1226 4345 1332 4394 queque,
1344 4331 1387 4378 ubi

321 4396 386 4458 quud
405 4393 489 4454 referri
506 4396 582 4454 possit
598 4394 740 4444 statana.
773 4394 838 4455 Lege
871 4394 955 4442 Livius
964 4396 1088 4442 scribebat.
