3042 4980
294 229 400 304 unu
450 299 453 308 ,
680 211 1022 304 PnAEnnrro.

298 428 332 502 ci
348 427 414 527 qui
439 426 588 504 Livium
614 426 786 502 evolvere
812 424 926 524 cupit,
950 447 1067 500 nosse
1093 423 1185 522 quid
1212 425 1252 502 in
1279 449 1327 500 eo
1350 427 1409 502 in·

299 543 540 642 terpretando
571 529 634 618 hic
660 552 726 617 aut
751 541 815 616 ille
840 539 1079 637 peccaverit?
1130 539 1302 618 Pascunt
1326 541 1410 618 hae
1500 551 1501 570 ¹

214 675 217 686 ’
300 657 605 740 malevolentiam
623 681 726 754 saepe
743 655 968 753 interpretis,
988 653 1053 753 qui
1070 679 1240 730 crescere
1259 681 1308 730 ex
1325 655 1411 732 aliis

300 774 340 849 iu
366 773 495 853 animo
523 774 659 862 haben
686 773 868 848 lectorem
894 770 1101 858 retardant,
1128 780 1333 871 vetantque
1360 773 1411 848 ad

302 889 533 964 destinatum
552 891 665 964 finem
684 896 787 964 recto
806 911 919 962 cursu
938 889 1160 984 procedere

139 1003 294 1117 E¹²ss¹t¹¹⁸⁶⁸
353 1003 552 1102 Exemplis
576 1029 623 1078 ea
647 1003 753 1091 tueri,
780 1028 867 1101 quae
891 1026 1008 1099 quum
1035 999 1197 1095 alicujus
1225 1004 1413 1078 momenti
1500 1022 1501 1094 s

64 1171 71 1182 ·
140 1078 292 1192 susle
283 1120 389 1244 siut,
408 1146 486 1196 non
512 1120 689 1196 omnibus
716 1119 842 1196 statim
868 1117 1274 1217 clavaindubitataque
1292 1113 1414 1192 videri

220 1206 479 1328 {lwdebeant
498 1235 659 1334 perutile
677 1261 761 1312 esse
784 1259 898 1333 supra
915 1233 1094 1318 diximus.
1146 1233 1223 1308 Sed
1243 1233 1303 1308 hic
1320 1257 1414 1332 quo·

303 1376 378 1450 que
394 1363 522 1427 tamen
547 1351 736 1426 tenendus
764 1351 899 1425 modus
927 1359 997 1436 est,
1019 1372 1092 1424 nec
1119 1347 1258 1428 odiosa
1284 1373 1416 1424 eorum

305 1467 427 1554 turba,
448 1466 513 1542 ubi
532 1490 647 1540 unum
674 1465 879 1541 alterumve
905 1463 998 1540 satis
1025 1473 1094 1552 est,
1114 1463 1236 1538 lector
1258 1488 1416 1540 onerau

142 1593 199 1638 lnii
201 1577 402 1704 ξεξξξεᾴὶξξ.
448 1581 536 1658 Hoc
554 1605 631 1657 non
648 1606 797 1680 semper
810 1580 939 1678 effugrt
958 1579 1201 1657 doctrssrmus
1219 1581 1336 1656 rlleJ
1351 1581 1415 1656 Fr.
1482 1669 1487 1696 1

141 1664 243 1768 ‚lull
258 1663 535 1792 Gronovius,
554 1697 616 1772 cui
635 1723 755 1796 quum
773 1697 968 1828 multiplex
991 1695 1117 1785 lectio,
1139 1706 1177 1770 et
1202 1696 1419 1772 felicissima

142 1787 207 1832 ‘³¹⁰
192 1800 285 1832 ⁰v¹⁰⁵
307 1816 500 1904 memoria,
519 1837 763 1890 numerosam
788 1813 828 1887 in
845 1813 1013 1910 singulas
1041 1836 1159 1910 prope
1179 1837 1292 1889 voces
1310 1813 1418 1888 locu-

307 1933 507 2028 tionesque
524 1929 746 2004 eruditionis
764 1940 802 2004 et
820 1926 1135 2006 observatrouurn
1145 1929 1419 2035 supellectilem

309 2044 633 2144 suppeditarent,
623 2071 663 2118 ru
689 2046 800 2120 rebus
826 2069 937 2143 saepe,
967 2055 1032 2120 aut
1057 2044 1223 2134 minutis„
1250 2058 1316 2122 aut
1342 2048 1420 2120 evi·

311 2161 554 2250 deotissimis,
572 2161 763 2258 ingentem
788 2187 910 2259 usque
937 2173 974 2234 et
1000 2185 1120 2260 usque
1145 2162 1184 2236 in
1200 2171 1313 2238 notas
1330 2187 1422 2238 con·

281 2311 286 2329 ε
310 2277 407 2374 gerit
433 2277 694 2374 exemplorum
726 2276 891 2374 copiam.
943 2275 991 2351 In
1019 2300 1095 2374 quo
1122 2276 1196 2351 hoc
1216 2277 1337 2355 ‘etiam
1365 2277 1421 2352 in·

309 2393 502 2468 commodi
528 2403 596 2480 est,
624 2392 729 2490 quod
756 2401 1001 2468 numerantur
1035 2391 1228 2468 interdum
1257 2417 1314 2481 ea,
1342 2419 1424 2468 non

311 2509 592 2607 ponderantur;
621 2509 790 2614 dumque
816 2533 955 2605 magna
989 2507 1142 2584 illorum
1168 2509 1314 2606 cogitur
1334 2505 1423 2585 ¹ma-

201 2609 206 2614 ”
309 2651 393 2710 uus,
408 2623 533 2696 aliena
550 2647 656 2720 saepe·
668 2622 934 2717 obtruduntur,
949 2649 1019 2698 nec
1039 2623 1246 2722 quidquam
1267 2624 1316 2700 ad
1337 2649 1423 2699 earn

310 2763 390 2815 rem
407 2739 457 2812 de
475 2763 552 2835 qua
576 2736 700 2834 agitur
726 2738 963 2835 pertinentia.
1019 2739 1133 2823 Quod
1162 2763 1211 2813 ne
1237 2739 1425 2816 immerito

312 2853 475 2949 objicere
494 2877 641 2926 summo
661 2853 741 2927 viro
763 2853 966 2942 videamur,
987 2854 1134 2952 aliquot
1161 2854 1222 2929 hic
1248 2857 1331 2950 ejus
1356 2880 1426 2931 no·

313 2981 480 3069 tesqua
494 2969 638 3067 duplici
651 2971 724 3048 hoc
740 2970 831 3046 vitio
851 2970 1037 3059 laborant,
1051 2970 1183 3046 liberet
1197 2971 1426 3061 exscribere,

312 3085 386 3162 nisi
403 3086 577 3162 brevitati
592 3085 808 3162 consultum
823 3087 1016 3162 vellemus.
1054 3077 1226 3162 Sufficiat
1237 3088 1428 3186 quasdam
1500 3155 1501 3164 ,

317 3201 497 3291 indicare,
519 3203 623 3278 velut
640 3203 706 3280 lib.
728 3203 826 3280 Livii
845 3202 877 3280 Ι.
902 3229 993 3302 pag,
1016 3211 1100 3280 110.
1117 3212 1196 3279 not.
1214 3213 1252 3278 3.
1280 3213 1318 3279 et
1335 3229 1426 3303 pag.

316 3326 398 3392 112.
418 3330 497 3394 not.
517 3325 552 3392 2.
580 3319 606 3394 I.
629 3316 786 3394 XXIX.
806 3344 842 3417 p.
861 3326 946 3394 868.
966 3343 1002 3396 n.
1022 3328 1059 3397 3.
1087 3329 1125 3393 et
1141 3318 1166 3398 l.
1184 3319 1428 3400 XXXVIII.

311 3461 349 3533 p.
369 3443 456 3510 498.
476 3459 512 3513 u.
530 3443 565 3512 2.
618 3435 762 3510 Earum
788 3436 943 3536 quidem
961 3461 1046 3534 quae
1070 3436 1142 3510 etsi
1168 3436 1268 3536 aptis
1294 3461 1426 3514 exem·

313 3543 500 3648 plis,'siue
526 3552 643 3626 modo
669 3562 796 3627 tamen
816 3550 1018 3627 cumulatis
1044 3552 1274 3648 redundant,
1289 3553 1429 3651 ingens

226 3671 227 3678 ’
294 3691 355 3742 ἐξ
381 3665 522 3765 ubique
547 3691 726 3742 numerus
744 3667 860 3742 offert
885 3668 935 3741 ob
954 3667 1099 3746 oculos.
1151 3668 1256 3767 Ergo
1275 3669 1429 3746 sobrius

314 3783 361 3858 sit
378 3783 481 3857 circa
500 3784 673 3880 exempla
690 3783 881 3881 interpres,
901 3794 940 3858 et
956 3782 997 3858 in
1014 3769 1199 3916 eligendis
1218 3797 1367 3874 cautus,
1386 3797 1430 3862 ut

314 3906 352 3972 et
376 3924 502 3996 pauca
510 3907 699 4030 apponat,
717 3908 755 3973 et
774 3923 820 3972 ea
836 3925 920 4029 quae
939 3923 1017 3974 rem
1036 3901 1185 3998 proprie
1201 3910 1375 3998 tangant.

147 4029 231 4078 Varie
241 4030 290 4078 lec·
361 4013 425 4090 De
443 4013 554 4089 variis
573 4013 811 4103 lectionibus,
831 4015 910 4092 sive
935 4016 1009 4094 illae
1027 4041 1076 4090 ex
1102 4016 1268 4116 antiquis
1286 4017 1426 4094 editio·

146 4096 298 4229 3232?ss
283 4128 432 4216 nibus,
452 4129 531 4205 sive
549 4155 597 4206 ex
616 4132 762 4231 scriptis
787 4132 985 4210 codicibus
1003 4133 1240 4261 depromptae
1259 4134 1419 4226 lueriut3

145 4233 270 4358 {ssjtffle'
308 4245 386 4322 sive
402 4244 476 4365 illae
494 4246 711 4344 planissime
727 4251 920 4336 mendosae
938 4249 1025 4338 sint,
1041 4247 1119 4325 sive
1137 4248 1302 4347 aliquam
1321 4250 1423 4328 sani-
