3120 4984
458 262 551 323 Lm
581 261 681 322 xm.
706 263 814 324 oss.
840 265 922 322 xm.
1182 268 1220 338 sq

151 423 186 487 in
198 423 322 489 sacrato
343 428 408 490 Ioco
424 437 498 492 ante
518 445 593 493 aras
614 438 771 505 mactatio,
787 449 872 513 quem
895 429 1058 506 insimulet,
1070 431 1159 516 piget
1172 453 1218 496 re·-
1229 446 1257 492 υ.
1270 447 1298 496 c.
1308 419 1364 498 sei.

137 507 240 594 serre.
289 511 368 589 ἃμα
380 513 487 598 hospes
501 515 708 580 Brundisinus
722 519 838 579 occulta
845 516 1000 600 facinora
1015 518 1140 596 indicet,
1154 513 1258 582 cer-A·
1270 513 1296 559 ⁰·
1309 511 1364 562 ¹2¹·

148 605 211 661 tun
225 599 332 675 ladem
348 608 378 663 et
391 603 509 684 scripta
524 602 700 665 tibtomnia
716 603 757 666 ab
772 603 873 666 Roma
888 621 963 682 esse,
977 613 1008 666 et
1021 605 1138 688 legatos
1151 614 1220 670 tuos

147 687 352 751 renunciasse.
397 688 477 752 Hcec
490 709 529 751 ne
541 691 715 752 dicerentur
728 711 749 752 a
763 711 818 762 me,
835 709 896 752 reno
909 691 997 753 modo
1010 690 1109 754 vitare
1121 701 1217 775 potu-

146 771 211 846 isti,
224 791 285 836 non
301 776 473 857 querendo,
486 795 575 858 quam
590 775 628 838 ab
640 797 776 840 caussam
791 779 941 840 sancitus
953 777 988 838 in
997 776 1217 842 Macedoniarn

144 855 374 941 trajicerentur,
404 869 460 923 aut
483 863 636 943 prasidio
667 864 702 926 in
727 863 874 927 sonorum
906 861 993 926 urbm
1021 865 1217 930 mitteremus.

147 941 311 1018 Qesareni
324 947 384 1010 tibi
404 948 561 1030 superbius
577 949 780 1024 tacuissemus,
796 969 886 1032 quam
901 969 974 1012 uera
994 951 1224 1031 respondimus,

142 1027 299 1113 Equidem
305 1053 368 1117 pro
372 1044 506 1116 poterim
513 1045 616 1100 nostro
625 1036 760 1117 hospitio
756 1036 857 1120 faceo
865 1035 1003 1098 orationi
1009 1045 1080 1112 tua,
1090 1046 1121 1101 et
1129 1048 1213 1120 opto,

141 1125 179 1178 ut
192 1117 333 1202 oliqccanc
345 1122 424 1184 milti
436 1123 596 1185 materiam
605 1121 747 1204 prebeas
760 1123 889 1206 agrem
902 1131 965 1185 tuce
977 1124 1063 1206 apud
1074 1134 1212 1188 senatsme

141 1222 269 1269 emersa.

186 1289 282 1356 XLI.
306 1291 360 1356 Ad
375 1315 412 1358 ea
426 1313 502 1358 rex:
526 1289 648 1357 Bonam
662 1315 809 1372 caussam,
823 1293 853 1358 si
871 1291 957 1376 opud
965 1291 1089 1378 judices
1109 1309 1355 1379 aquossemusse

139 1389 298 1460 ageretur,
311 1381 399 1461 apud
410 1383 524 1445 eosdem
539 1390 569 1443 ct
583 1390 770 1444 accusatores
784 1390 814 1444 et
817 1379 941 1464 judices
954 1401 1056 1464 agam.
1092 1383 1211 1447 Eorum
1218 1381 1312 1435 Μ’·

138 1475 252 1542 autem,
266 1485 334 1550 qua
348 1465 464 1550 offecto
473 1476 543 1531 sunt
557 1468 642 1542 milei,
652 1469 773 1549 partim
787 1489 824 1532 ea
833 1477 918 1545 sunt,
931 1468 1038 1551 quibus
1052 1469 1151 1532 nescio
1165 1487 1210 1532 an

134 1553 276 1639 gloriari
290 1553 430 1626 debeam·
449 1553 578 1636 partim,
594 1573 662 1637 qua
670 1553 777 1637 fateri
795 1573 856 1617 non
870 1553 1038 1618 erubescam
1044 1587 1056 1628 3
1078 1555 1210 1636 parlim,

136 1657 209 1726 quse
221 1638 313 1703 nabo
326 1639 443 1722 oq‘ecta
456 1640 545 1704 uerbo
559 1661 673 1724 negare
686 1640 735 1703 sii.
769 1641 855 1714 Quid
866 1642 956 1716 enim,
972 1642 1001 1704 si
1014 1641 1132 1726 legibus
1143 1661 1209 1706 ues-

137 1728 195 1790 tris
208 1727 302 1789 leodic
322 1747 391 1790 reus
404 1729 470 1803 sin,
485 1735 542 1790 aest
556 1728 649 1790 indes
663 1725 880 1802 Brundisinus,
897 1737 952 1790 aut
966 1729 1116 1792 Eumenes
1132 1729 1207 1791 miii

137 1809 277 1896 officiat,
293 1821 328 1876 ut
341 1831 484 1877 acausore
493 1815 597 1896 potius
617 1833 696 1889 veru,
712 1833 801 1896 mam
823 1814 1002 1889 cmoiciari,
1018 1813 1205 1878 uideantur?

137 1901 273 1972 Scilicet,
289 1917 344 1962 nec
357 1901 517 1977 Eumenes,
533 1907 622 1984 quelm
637 1908 700 1963 tam
715 1900 817 1964 multis
826 1901 935 1984 grauis
952 1899 1074 1983 publice
1086 1917 1124 1962 ac
1131 1902 1205 1982 pri-

137 1986 232 2050 uatim
247 1985 301 2060 sit,
316 1985 421 2062 alium,
437 2007 526 2070 quarn
541 2005 598 2061 me,
614 1987 771 2049 inimicum
784 1985 909 2049 hahuit:
928 2005 1023 2070 neque
1036 2007 1090 2070 ego
1097 1987 1204 2068 polio·

92 2145 95 2152 ¹
137 2091 201 2135 rem
227 2091 403 2156 quanquam
429 2075 474 2135 ad
496 2074 670 2137 ministerio
686 2073 880 2157 facinorum,
903 2089 993 2156 quarn
1019 2073 1204 2152 Romanum,

138 2162 240 2242 (quem
254 2175 349 2241 neque
362 2177 502 2243 unquam
515 2169 589 2223 ante
610 2161 754 2235 uideram,
770 2178 824 2222 nec
843 2179 925 2222 mum
941 2168 1052 2240 pastea
1071 2161 1203 2240 uisurus)

136 2246 277 2309 inuenire
284 2247 388 2326 potui.
432 2245 478 2309 Et
496 2245 716 2320 duodenorum,
732 2265 805 2330 quos
818 2244 987 2329 natrfragio
999 2245 1118 2326 perisse
1132 2265 1202 2308 con-

135 2340 209 2408 star,
225 2339 257 2394 et
271 2330 416 2396 Arietari
428 2333 522 2396 cerdis
535 2333 612 2396 mili
624 2332 780 2395 reddenda
794 2331 878 2394 ratio
892 2339 946 2393 est.
970 2331 1003 2392 iu
1018 2350 1080 2412 qua
1100 2339 1202 2392 tanen

138 2415 220 2482 sitit
232 2419 316 2481 ultra
331 2417 483 2502 adjicitur,
495 2438 585 2503 quam
601 2417 808 2501 interfectores
822 2415 883 2498 ejus
897 2417 932 2479 in
945 2437 1039 2500 regno
1053 2417 1203 2479 eusulasse

136 2523 209 2568 meo.
256 2504 349 2591 (legiris
361 2507 548 2570 conditionis
568 2505 761 2587 iniquitatem
781 2503 828 2565 ita
843 2519 904 2564 nan
917 2521 980 2565 sum
1001 2511 1201 2581 recusaturus,

135 2593 165 2654 si
185 2609 238 2656 aas
259 2609 379 2676 quoque
397 2593 548 2674 accipitis,
564 2600 607 2665 ut,
623 2591 799 2674 quicumque
812 2590 925 2652 cuades
947 2589 981 2651 iu
1001 2588 1130 2651 Italiam
1145 2599 1201 2652 aut

136 2677 266 2742 lionam
287 2695 319 2743 se
340 2681 541 2754 contulemcnt,
556 2675 605 2742 dis
613 2679 806 2761 facinonsm,
817 2685 950 2760 propter
969 2695 1037 2759 qua
1058 2673 1201 2740 damnati

135 2775 214 2843 mat,
228 2775 366 2830 auctmes
380 2783 432 2830 vos
439 2765 546 2850 fuisse
552 2762 735 2849 fateamini.
781 2762 817 2826 Si
830 2763 885 2826 loc
898 2771 929 2826 et
944 2783 995 2826 nos
1009 2761 1206 2838 recusabitis,

28 2871 29 2934 g
133 2861 163 2916 ei
176 2869 278 2916 munes
292 2854 367 2917 alia
381 2861 569 2937 gentessego
581 2869 699 2936 qnoque
711 2851 794 2914 inter
807 2859 919 2914 ceteros
935 2869 998 2912 ero.
1043 2851 1100 2928 Et,
1117 2848 1199 2921 Her-

28 2949 29 3002 t
133 2939 208 3017 sule,
223 2940 301 3022 quid
317 2941 439 3004 adtinet
452 2940 592 3022 cuiqsram
605 2938 745 3002 rusilium
759 2946 881 3018 patere,
897 2937 926 2999 si
940 2954 1087 3019 nusquam
1101 2937 1200 2998 ecsali

120 3021 429 3110 monstrassent
451 3026 523 3109 Ego
536 3035 637 3090 tamen
657 3025 740 3100 istos,
755 3032 790 3086 ut
803 3023 938 3104 primum
960 3023 994 3083 in
1009 3021 1199 3084 Macedonia

133 3131 204 3190 esse,
227 3113 401 3176 admonitus
422 3133 448 3175 a·
464 3111 557 3188 nobis,
579 3109 722 3192 comperi,
748 3109 908 3192 requisitos
929 3107 1017 3170 abire
1041 3129 1079 3170 eu
1103 3125 1198 3190 regno

121 3197 212 3283 jussi,
228 3200 308 3263 etin
321 3207 502 3282 perpetuum
518 3198 670 3261 interdiai
679 3194 799 3280 finibus
812 3195 896 3258 meis.
939 3193 985 3256 Et
999 3193 1196 3275 lacqaidem
1293 3255 1303 3274 ,

131 3288 217 3365 milri,
233 3291 388 3370 tamquam
405 3297 540 3350 samsom
562 3284 678 3347 dicenti
699 3301 762 3360 reo,
785 3277 899 3365 οὸρῑεια
921 3289 1009 3343 sunt:
1032 3280 1100 3354 illa,
1116 3285 1195 3342 tam·

28 3417 29 3446 2
128 3385 220 3458 mam
234 3372 314 3456 regi,
327 3381 439 3456 etqua
452 3368 626 3455 defendere,
639 3369 719 3454 quod
731 3365 808 3431 mins·
818 3376 863 3430 est
877 3365 1194 3446 uobiscumdiscepta·

28 3461 29 3532 t
127 3463 242 3525 tionem
256 3455 400 3522 labeant.
443 3457 538 3532 Nam,
553 3458 582 3521 si
596 3465 640 3520 est
654 3453 814 3539 insoedere
828 3455 874 3518 ita
889 3452 1041 3536 scriptum,
1054 3461 1089 3514 ut
1103 3471 1149 3527 ne,
1165 3452 1195 3514 si

125 3545 236 3612 Mum
251 3547 372 3629 quidem
392 3546 462 3628 quis
475 3545 604 3630 instrat,
619 3543 702 3606 tueri
720 3561 766 3605 me
787 3557 969 3625 regnumque
981 3559 1075 3602 meum
1088 3539 1192 3616 liceat,
1282 3575 1284 3580 ,

125 3629 374 3718 milifotendum
387 3641 441 3706 est,
451 3633 539 3716 qood
550 3649 598 3694 me
610 3629 706 3693 armis
718 3629 863 3692 aduersus
876 3625 1066 3708 Abrupolim
1080 3625 1192 3688 sarion

119 3721 236 3805 populi
249 3719 396 3802 Romani,
411 3713 721 3802 dq‘enderim,sadus
740 3717 884 3780 uiolatum
899 3731 981 3776 esse„
1014 3711 1071 3778 Sin
1092 3719 1191 3773 auten

123 3809 181 3872 uae
195 3814 227 3870 et
241 3805 406 3889 eafoedere
415 3805 515 3880 licuit,
529 3813 560 3868 et
563 3801 639 3889 jure
649 3803 786 3888 gentium
800 3804 848 3866 ua
868 3807 1073 3881 comparatum
1088 3805 1142 3872 est,
1158 3805 1192 3858 ut

124 3913 215 3958 anna
230 3893 327 3957 armis
335 3892 564 3974 propulsentur,
576 3890 654 3976 quid
665 3891 792 3954 tdnrlem
806 3886 967 3970 nefacere
979 3885 1088 3958 deurit,
1101 3901 1190 3965 quum

123 3979 298 4064 Abrupolis
295 3977 383 4062 fines
396 3978 456 4041 mei
476 3979 566 4062 regni
585 3993 678 4059 saque
691 3977 735 4038 ad
748 3971 956 4055 Amphipolin
970 3977 1188 4052 pemnstasset,

123 4068 223 4132 multa
236 4063 336 4130 libera
348 4065 467 4148 capita,
482 4081 625 4146 magnam
645 4062 705 4124 oin
727 4057 956 4140 mancipiorum,
973 4055 1067 4118 multa
1089 4055 1190 4118 millia

118 4173 265 4236 pecorum
278 4145 449 4237 abegisset?
475 4149 663 4225 Quiescerem
677 4155 707 4210 et
715 4155 854 4228 paterer,
867 4145 960 4206 donec
975 4143 1096 4206 Pellam
1109 4151 1139 4204 ct
1154 4142 1188 4205 iu

124 4241 245 4326 regiam
275 4256 370 4304 nean
399 4243 532 4302 mucius
550 4234 765 4385 qeroenissett
788 4230 834 4295 Ar
858 4231 938 4332 enim
963 4226 1040 4292 bello
1067 4229 1189 4316 quidem

114 4323 204 4408 justo
224 4341 289 4390 sum
306 4333 496 4408 persecutum
517 4341 549 4387 se
591 4320 675 4385 uinci
697 4335 759 4384 nan
780 4323 1117 4402 quartanasque
1136 4325 1187 4390 ea,

125 4433 194 4497 qua
207 4412 297 4478 victis
311 4411 464 4490 accidunt,
475 4411 565 4494 pati:
587 4427 713 4493 qurum
730 4425 829 4473 cusum
848 4425 937 4490 quum
959 4425 1013 4490 ego
1034 4400 1187 4477 subierim,

637 4502 691 4556 Μ
