3042 4980
269 202 389 279 xxxvi
476 303 479 310 γ
639 134 987 282 PR'AEFATIO.

275 401 393 478 nitatis
405 401 445 478 in
458 401 619 500 patriam
631 398 816 478 succendi
829 422 870 474 se
880 396 1042 475 sentiat?
1059 395 1140 474 sire
1153 399 1371 480 auditLen·

187 518 396 594 nuutulum
415 515 591 604 consnles
615 515 665 598 ad
684 514 875 592 Gaudium
893 514 1120 602 hortantem,
1140 525 1183 590 ut
1201 541 1371 600 commu-

275 657 361 706 nem
390 631 551 706 salutem
580 653 659 710 non
686 641 807 706 morte
832 639 994 716 tantum,
1013 629 1080 707 sed
1105 641 1142 709 et
1166 628 1374 730 ignominia

277 772 347 821 sna
364 748 461 822 bene
477 754 643 844 emptam
661 753 821 843 putent;
847 744 927 824 sive
943 746 1042 822 hane
1060 747 1163 824 uelut
1180 773 1228 823 ex
1241 765 1373 826 oracu-

114 862 315 939 xxv1.ao.lo
349 861 505 940 missam
521 885 657 942 vocem
685 861 847 959 exeipit:
881 861 1108 963 Respublica
1118 861 1313 946 incolumia
1335 876 1374 946 d

271 982 441 1080 privatos
456 979 643 1076 mosmale
658 979 780 1058 saluus
790 967 959 1076 prestat.
1012 978 1177 1062 Publica
1186 983 1373 1078 prodendo

273 1112 344 1169 ιιιιι
358 1097 592 1192 nequicquam
604 1117 733 1177 ιιινιι.
786 1091 911 1176 Quem
927 1118 1006 1168 non
1019 1094 1069 1168 ad
1087 1095 1373 1192 temperantiam

276 1217 589 1308 contemtumque
611 1207 848 1305 voluptatum
865 1207 997 1285 incitet
1014 1219 1053 1284 et
1069 1209 1277 1289 inflammet
1293 1210 1374 1291 Sci-

276 1325 339 1423 pio
357 1325 432 1410 ille,
457 1324 630 1422 quidum
650 1323 864 1400 Masinissae
884 1324 1190 1423 intempestivum
1217 1336 1254 1400 et
1279 1351 1373 1423 prae-

272 1440 431 1538 oipitem
448 1439 489 1514 in
506 1438 789 1540 Sophonisbam
816 1465 983 1520 amorem
1003 1441 1176 1538 castigat,
1196 1457 1274 1516 non
1293 1443 1372 1522 *dtu-

276 1556 382 1642 bitot,
402 1564 440 1629 et
452 1553 614 1650 juvenia
636 1566 675 1629 et
691 1554 823 1642 victor,
844 1556 1019 1634 omnihus
1044 1558 1242 1655 triumphis
1269 1568 1372 1638 aute·

128 1687 217 1736 xxx.
229 1673 369 1746 inferre
387 1673 616 1747 hausturum
634 1670 836 1751 libidinum
854 1673 1000 1749 deensi
1103 1715 1108 1722 ·

326 1788 440 1872 Quod
462 1788 493 1862 si
511 1814 533 1864 a
551 1787 649 1865 vitiis
666 1811 819 1889 qnoque
835 1787 1082 1867 dehortantur
1098 1788 1222 1872 aliena
1238 1811 1374 1887 oppres

170 2002 173 2011 Ι
276 1894 369 1992 bria,
385 1903 582 2002 Tarquinii
597 1901 812 2000 superbiam
826 1913 864 1984 et
877 1899 1153 1992 crudelitatem,
1173 1903 1291 2002 Appii
1308 1905 1376 1983 de-

276 2019 431 2096 cemviri
449 2019 645 2095 libidinem
664 2028 698 2092 et
719 2018 993 2115 impotentiam,
1014 2018 1152 2094 Manlii
1169 2019 1374 2118 Capitolini

199 2137 203 2147 ’
275 2161 366 2234 spes
384 2136 603 2214 ambitiosas
615 2146 652 2214 et
666 2134 851 2215 editiosa
868 2135 1037 2229 consilia,
1050 2134 1227 2213 Flaminii
1239 2136 1376 2212 Varro-

274 2252 414 2352 nisque
432 2251 680 2328 temeritatem
698 2250 743 2326 iis
761 2251 951 2332 coloribus
976 2251 1146 2351 depingit
1171 2250 1312 2338 Livius,
1330 2259 1377 2328 ut
1444 2237 1448 2246 Δ

275 2377 421 2444 tantam
440 2367 649 2444 foeditatem
674 2392 788 2446 nemo
804 2393 885 2446 non
902 2367 1027 2444 laudis
1052 2367 1218 2468 cupidus
1240 2368 1375 2448 exhor·
1413 2430 1418 2440 .

276 2495 413 2560 rescat.
448 2483 512 2560 Sic
529 2507 618 2580 ergo
637 2508 685 2558 ex
701 2483 783 2578 ejus
802 2507 914 2582 opere
931 2483 993 2558 hic
1012 2483 1199 2581 colligitur
1215 2483 1373 2573 metus,

274 2625 392 2728 quern
409 2599 492 2698 ipse
506 2625 553 2676 ex
571 2599 728 2677 historia
742 2599 970 2678 uberrimum
987 2599 1301 2698 utilissimumque
1311 2623 1376 2678 ca·

15 2737 17 2742 ’
114 2738 165 2786 ιιι
166 2739 207 2785 ιι
207 2739 246 2786 ιιι.
277 2713 316 2812 pi
332 2739 447 2812 posse
463 2714 699 2792 existimarit.
730 2713 794 2792 Sio
812 2717 928 2792 omnia
944 2717 1099 2816 dempta·
1111 2716 1377 2802 damnate

276 2831 929 2931 illustripoaitomonumoutoiannri
942 2833 1068 2908 datur.
1096 2831 1275 2916 quenali
1287 2821 1376 2940 m?

273 2942 960 3048 quereipuhlicoequodimiterecapiar:
976 2948 1373 3046 indesmduminaentu,

181 3061 410 3161 sudum
425 3065 541 3150 snitu,
559 3065 657 3162 quod
670 3065 773 3140 vitea.

114 3211 178 3258 ιιιι
163 3210 266 3258 ”uma
325 3175 514 3274 Fremant
530 3176 749 3276 philosophi
775 3179 883 3254 lieet:
910 3179 1095 3256 audacter
1118 3175 1377 3274 profitebimur

113 3277 268 3388 ζ’ῗᾝῗ
259 3292 392 3370 animi
405 3293 769 3372 uostrisententiam
785 3295 1085 3374 Omnesrllorum
1097 3291 1375 3390 disputationes

112 3405 239 3530 gg'mm
130 3401 259 3460 ΝΜΟ
251 3433 356 3484 una
376 3407 485 3482 nobis
512 3407 661 3486 videtur
685 3407 781 3487 Livii
808 3409 975 3502 historia,
993 3410 1024 3486 si
1050 3408 1136 3507 quis
1163 3417 1201 3484 et
1225 3407 1376 3488 honesti

112 3481 270 3660 namisi-
278 3523 488 3602 amoresibi
504 3536 638 3620 peetus
652 3524 767 3604 imbui
782 3526 884 3614 uelit,
898 3536 936 3600 et
946 3523 1086 3602 salubri
1097 3523 1265 3624 quodam
1280 3513 1375 3604 anti-

112 3599 218 3726 daal
208 3677 260 3716 ιιι.
221 3599 384 3718 dn'doto
388 3639 755 3719 adversnsvitiorum
774 3641 950 3738 contagia
962 3640 1109 3731 muniri,
1122 3638 1375 3724 siveauotorir

275 3755 367 3834 tatis
384 3754 608 3852 pondere,
579 3780 658 3832 sive
670 3756 840 3832 utilitatis
853 3757 1027 3836 ubertate
1038 3780 1227 3854 superare
1254 3755 1376 3844 Quid·

33 3882 38 3896 ·
128 3901 130 3904 ·
273 3869 368 3970 quid
392 3870 495 3966 apud
520 3868 605 3947 illos
632 3871 829 3969 pnaeceptia
851 3871 1158 3960 susustinetis
1183 3873 1375 3973 firmatum

274 3982 447 4062 videmus
463 3985 660 4084 exemplis.
716 3985 779 4062 Illi
795 4013 942 4065 cassam
961 4013 1061 4087 saepo
1077 3997 1117 4062 et
1131 4009 1295 4070 vacuam
1305 3988 1375 4065 fin·

272 4111 368 4198 gunt
391 4100 517 4180 animo
536 4102 680 4178 virtutis
698 4101 926 4200 imaginem:
954 4104 1014 4180 hic
1040 4103 1124 4199 ipsa
1151 4127 1236 4182 sese
1255 4102 1374 4188 virtus
