3116 4986
476 186 914 278 amnonnnpassn.
1184 189 1243 261 269

185 377 236 430 est.
284 367 387 435 Coesar
407 373 581 438 seditionem
603 386 820 453 veteranorum,
835 397 899 440 cum
910 397 1022 460 magna
1030 380 1242 460 perniciemo-

174 461 261 529 tam,
278 456 432 523 inhibuit:
453 462 604 543 Jappdas,
621 471 651 526 et
665 463 843 542 Dalmatas,
863 473 892 526 et
910 465 1092 527 Pannonios
1114 464 1240 549 subegit.

104 599 113 620 s
182 536 335 606 Antonius
349 544 560 622 Artavasden,
573 547 728 611 Armenia
736 548 915 631 regemfide
924 549 1000 612 data
1010 551 1194 631 perductum,
1207 552 1241 613 in

180 624 301 690 uincula
309 627 420 714 conjici
416 631 521 715 jussit,
528 654 707 718 regnumque
717 634 873 698 Armenia
869 637 947 717 filio
954 657 1016 713 suo,
1028 658 1065 699 ea
1077 636 1241 718 Cleopatra

181 721 264 788 nato,
279 716 365 780 dedit
373 749 385 789 ,-
409 740 498 802 quam
512 721 616 783 umoris
635 721 708 797 loom
719 718 918 804 jampridem
933 731 1038 805 captus
1053 742 1155 786 amore
1168 722 1240 806 ejus,

178 795 440 886 haberecoeperot.

600 1013 821 1098 CXXXH.

226 1203 331 1269 Casan
344 1208 378 1269 in
391 1209 515 1293 Illyrico
525 1211 694 1275 Dalmatas
703 1213 827 1275 domuit.
875 1209 971 1286 Quum
984 1211 1034 1275 M.
1044 1212 1198 1276 Antonius
1207 1213 1244 1282 ab

181 1306 309 1353 amorem
322 1293 503 1376 Cleopatra,
519 1317 557 1358 on
568 1317 627 1379 qua
642 1298 808 1380 duosfilios
820 1297 959 1373 habebat,
968 1299 1203 1380 Philadelphum
1215 1309 1245 1362 et

181 1374 402 1459 Alexandrum,
417 1402 514 1464 neque
526 1384 559 1444 in
574 1382 674 1445 urbem
688 1385 791 1448 uenire
804 1385 901 1459 uellet,
918 1385 1123 1468 neque,finito
1137 1387 1245 1448 trium-

182 1461 299 1526 viratus
311 1473 453 1550 tempore,
469 1469 626 1550 imperium
641 1470 799 1550 deponere,
809 1468 973 1553 bellumque
984 1469 1150 1547 moliretur,
1166 1473 1246 1554 quod

182 1545 253 1608 urbi
262 1557 293 1611 et
308 1550 411 1616 ltalia
421 1554 560 1637 irfferret,
571 1554 741 1637 ingentibus
751 1563 813 1618 tam
824 1555 983 1619 reovalibus
993 1576 1082 1640 quam
1091 1559 1245 1620 terrestri·

182 1629 235 1696 bus
248 1637 346 1716 copiis
354 1638 392 1702 ob
404 1640 459 1702 hoc
472 1641 643 1716 contractis,
659 1641 836 1724 remissoque
848 1640 986 1705 Octauia
998 1643 1099 1705 sorori
1114 1643 1247 1708 Casaris

182 1722 319 1800 repudio,
339 1724 442 1788 Ceasar
457 1728 489 1788 in
506 1725 634 1806 Epirum
648 1747 713 1788 mm
734 1729 867 1790 exercitu
880 1726 1009 1809 treq'eoit.
1053 1729 1173 1812 Pugna
1194 1730 1245 1791 de·

183 1804 255 1868 inde
268 1813 392 1874 navales
401 1821 432 1874 et
440 1812 556 1893 praelia
570 1813 721 1894 equestria
734 1813 863 1876 sectando
880 1813 1009 1878 Caesaris
1019 1815 1202 1899 reperientur.

597 2077 944 2161 Cffifflffl.·

226 2268 276 2335 M.
292 2272 442 2336 Antouius
452 2274 495 2336 ad
505 2273 624 2336 Actium
634 2271 728 2336 classe
738 2274 841 2350 uiciens,
854 2273 1073 2338 Alexandriam
1087 2271 1225 2358 profugit
1231 2307 1243 2346 ,-

182 2356 404 2442 obsessusquea
421 2359 550 2442 Cunero,
566 2359 596 2421 im
616 2359 721 2421 ultimo
744 2380 841 2422 rerum
865 2359 1078 2440 desperatione,
1096 2359 1248 2440 principue
1279 2357 1283 2366 ’

182 2443 288 2506 occisa
303 2443 472 2526 Cleopatra
477 2442 563 2525 falso
573 2465 689 2508 rumore
699 2444 843 2525 inpulsus,
859 2467 890 2509 se
904 2445 966 2527 ipse
979 2443 1134 2526 interserit.
1182 2446 1248 2508 Ca-

179 2549 243 2602 aar,
260 2528 496 2593 Alexandriam
517 2539 693 2612 potestatem
715 2533 851 2608 redacta,
869 2531 1042 2612 Cleopatra,
1065 2553 1104 2594 ne
1117 2533 1148 2595 in
1168 2531 1248 2595 arbi-

179 2613 268 2678 trium
296 2616 414 2680 victoris
441 2616 563 2691 ueniret,
594 2616 761 2680 volomtario
790 2628 886 2682 morte
914 2617 1066 2702 dqftenatm
1091 2618 1123 2680 in
1148 2619 1248 2681 urbem

180 2720 324 2778 reversus,
347 2711 405 2766 tres
434 2703 598 2784 triumphos
618 2701 699 2787 egit.-
735 2723 827 2766 unum
849 2727 886 2766 eo
906 2704 1189 2787 Illyrico,solterum
1211 2727 1249 2767 en

182 2786 309 2851 Actiaca
322 2789 457 2865 viatoria,
473 2787 616 2852 ¹‘tertium
631 2790 669 2852 de
685 2788 860 2872 Cleopatra,
885 2790 1012 2872 inposito
1023 2791 1094 2872 flue
1115 2789 1249 2854 ciuilibus

181 2867 269 2936 bellis
291 2869 414 2940 1⁴allero
436 2885 464 2938 et
483 2876 629 2961 vigesimo
655 2895 745 2939 anno.
790 2875 838 2940 M.
867 2875 1015 2957 Lepidus,
1043 2877 1168 2958 Lepidi,
1197 2878 1249 2960 qni

182 2957 441 3042 lriumssirfuerat,
450 2961 548 3041 filins,
563 2959 768 3046 conjuratione
781 2973 884 3028 contra
900 2965 1050 3028 Censorem
1062 2962 1170 3047 saeta,
1185 2963 1247 3026 bel·

181 3043 240 3132 lum
254 3047 383 3126 moliens,
398 3049 552 3132 obpresms
566 3058 595 3112 et
608 3047 717 3112 occisus
728 3059 780 3112 eet.

591 3295 830 3380 OEOEHW

227 3481 339 3557 Casar,
362 3480 446 3543 rebus
478 3478 653 3560 componitis,
675 3485 705 3539 et
726 3477 859 3541 omnibus
886 3475 1044 3557 provinciis
1073 3476 1104 3539 in
1135 3486 1243 3540 certam

166 3566 308 3651 sormam
336 3566 476 3642 redactis,
511 3567 674 3653 Augustus
704 3584 819 3650 quoque
850 3564 1070 3647 cognominatus
1099 3571 1161 3625 est:
1184 3560 1244 3625 ¹⁶et

213 3824 244 3874 18
264 3824 370 3874 Tedium
392 3825 419 3874 de
438 3819 570 3888 Cleopatra]
587 3823 626 3873 Sic
648 3825 695 3886 legi
728 3825 827 3871 ratione.
844 3822 983 3871 ALentulo
993 3823 1083 3884 quippe
1093 3827 1118 3868 ot
1129 3817 1245 3868 Marcello
1312 3841 1314 3850 v

165 3883 169 3890 ’
176 3882 250 3950 iussit
268 3891 391 3953 Sigonius,
403 3905 452 3938 non
463 3889 695 3950 enCleopatro‚quo·
729 3889 795 3938 coss.
806 3890 894 3949 quibus
899 3888 1007 3949 primum
1019 3887 1099 3934 civilia
1109 3892 1177 3932 mota
1188 3891 1246 3932 sunt

179 3952 246 4001 niam
261 3970 317 4002 cum
336 3957 475 4003 nominibus
493 3955 621 4000 hominum
639 3967 694 4015 pro·
728 3965 806 4011 arma,
819 3954 914 4000 alteret
934 3951 1062 3999 monimus
1079 3961 1158 3997 annus
1172 3955 1211 3996 aot
1225 3950 1246 3996 is

178 4018 237 4078 prii!
248 4023 349 4068 verbum
360 4020 504 4081 triumphare
514 4019 620 4079 postulet
634 4033 696 4079 prae-
728 4030 777 4078 quo
788 4017 916 4064 Antinoum
927 4016 1080 4076 triumphum
1098 4014 1148 4076 egit
1167 4013 1248 4060 Caesar

177 4083 323 4142 positionem
334 4085 478 4142 (lunonem.
730 4081 887 4140 octavianus,
909 4093 935 4128 ae
954 4082 984 4126 V.
1007 4085 1032 4126 et
1054 4081 1109 4126 Sex.
1135 4077 1248 4140 Apuleio,

213 4146 245 4194 1⁴
260 4147 341 4204 Adero
361 4157 384 4199 et
415 4149 521 4196 uieemma
539 4147 610 4212 anno]
651 4147 700 4198 Hic
733 4146 799 4195 Coss.
810 4147 874 4192 Ante
890 4143 1015 4208 sigonium
1034 4145 1158 4206 legebatur
1179 4141 1250 4194 altero

179 4222 275 4274 quaque
292 4211 409 4262 habemus
420 4211 615 4260 emendationem
633 4213 700 4278 sigo.
732 4214 754 4258 el
765 4211 895 4272 trigesimo.

177 4277 223 4333 nii,
239 4278 323 4325 nixam
339 4291 417 4339 quum
434 4279 576 4326 auctoritate
590 4284 700 4327 veterum
766 4275 798 4322 15
814 4275 848 4322 Et
863 4275 948 4322 mmsis
969 4273 1078 4338 samu]
1101 4273 1168 4336 Lege
1193 4283 1251 4319 cnm

177 4341 305 4402 librorum,
328 4348 382 4392 tum
417 4344 534 4392 sobonem
562 4349 698 4406 temporum
732 4339 1139 4397 Gronoviomrnmenmsmrua.
