3120 4984
346 169 403 243 ns
755 181 857 242 'rrrr
887 161 1019 240 nivr'r
1120 171 1122 178 '

181 360 212 406 ut
223 351 318 408 citat.
342 343 470 411 oinitem
485 321 675 424 deditornmi
691 367 767 434 quae
789 343 889 431 prope
913 318 1045 412 numero
1060 319 1242 412 exercitum*
1256 318 1421 434 aequabat}

179 426 514 499 A=ssl⁶⁹vstuberam
531 433 670 498 abducit.
717 433 972 511 lbi'lRomanis,
1004 439 1155 522 (quatuor
1180 427 1285 502 millia,
1308 449 1419 500 autem

342 521 509 585 hominum
536 527 640 600 eraut)
663 537 780 602 praeter
802 520 971 605 principes,
996 521 1028 584 in
1049 521 1225 586 custodiam
1242 521 1421 586 civitatium

343 608 461 686 divisis,
478 605 716 673 Uscanensibus
732 606 914 693 Illyriisque
935 606 1080 682 venditis,
1097 609 1130 670 in
1156 607 1334 672 Penestiam
1358 629 1422 672 ex·

343 695 475 758 ercitum
498 693 622 758 reducit
643 692 684 757 ad
708 691 865 760 Oaeneum
888 691 1041 780 oppidum
1065 695 1098 757 in
1122 708 1309 778 potestatem
1332 694 1420 759 redi·

344 780 495 934 gendum.
518 793 549 844 et
572 780 690 867 alioqui
712 792 893 865 opportune
915 782 1021 858 situm,
1045 794 1076 844 et
1098 781 1249 846 transitus
1264 805 1301 845 ea
1316 791 1364 845 est
1385 782 1420 844 in

323 875 337 910 s
377 868 510 942 obedes,
521 868 577 932 ubi
600 866 737 931 Gentius
752 867 917 952 regnabat.
964 866 1175 932 Praetereunti
1189 867 1335 954 frequens
1351 889 1424 932 casd

345 954 476 1032 tellum‚‘
503 953 712 1019 Draudacum
744 953 882 1030 nomine,
914 956 1088 1040 peritorum
1124 955 1253 1040 quidam
1278 951 1419 1041 regionis

323 1042 421 1127 ejus,
438 1041 521 1105 ninii
537 1041 649 1105 anneo
671 1049 761 1123 rapto
783 1060 859 1122 opus
881 1063 952 1116 esre,
983 1041 1036 1118 ait,
1061 1043 1124 1105 nisi
1153 1043 1188 1105 ia
1206 1051 1362 1124 potestate
1389 1048 1421 1105 et

344 1129 545 1202 Draudacum
570 1129 622 1197 rit.
645 1125 974 1210 ⁸qnportum'usetiam
995 1130 1161 1192 adomnia
1184 1127 1320 1212 positum
1345 1149 1419 1192 esre.

345 1211 489 1280 Admota
515 1215 665 1290 exercitu,
686 1235 795 1278 omnes
821 1214 980 1299 extemplo
1009 1213 1200 1279 dediderunt
1220 1229 1297 1280 sese.
1342 1211 1420 1290 Qua

345 1297 411 1387 'spe'
429 1301 580 1366 celeriore
612 1299 775 1364 deditione
810 1307 945 1380 erectus,
976 1314 1144 1388 postquam
1182 1298 1418 1380 animadvertit,

345 1396 482 1475 quantus
505 1385 641 1476 agminis
655 1387 702 1450 sui
725 1399 828 1450 terror
848 1389 939 1463 esset,
964 1388 1110 1452 undecim
1134 1387 1195 1452 alia
1217 1387 1342 1453 castella
1364 1411 1420 1450 eo-

344 1479 417 1539 'dem
442 1489 527 1539 metu
550 1476 582 1537 in
605 1485 792 1558 potestatem
807 1473 933 1558 redigit.
956 1473 995 1536 ad
1019 1495 1180 1558 perpauca
1199 1474 1231 1538 vi
1250 1495 1331 1560 opus
1345 1471 1419 1550 fuit,

345 1567 449 1626 c'etera
473 1559 634 1624 voluntate
648 1559 771 1625 dedita:
796 1572 827 1624 et
849 1561 881 1623 in
897 1559 946 1622 his
967 1564 1084 1644 recepti
1108 1561 1195 1624 mille
1209 1573 1241 1625 et
1252 1556 1421 1648 quingenti

345 1643 490 1730 dispositi
511 1667 569 1734 per
590 1647 742 1732 praesidia
763 1645 878 1710 milites
903 1647 1052 1711 Romani.
1098 1647 1224 1736 Magno
1244 1648 1314 1712 usui
1339 1647 1422 1714 Car·

345 1735 436 1798 iilius
449 1733 633 1818 'Spoletinus
655 1746 723 1798 erat
745 1733 777 1796 in
802 1731 988 1820 conloquiis,
1005 1732 1152 1811 dicendo,
1169 1734 1247 1797 nihil
1269 1733 1311 1798 ‘in
1333 1734 1420 1819 ipsos

345 1823 501 1886 saevitum.
548 1822 598 1884 Ad
629 1820 788 1884 anneum
825 1828 1011 1904 perventum
1046 1834 1101 1897 est,
1127 1821 1220 1908 'qnod
1249 1821 1315 1885 sine
1332 1823 1422 1906 justa

343 1908 582 1996 obpugnatione
597 1908 671 1992 ⁴capi
688 1929 753 1970 non
768 1916 910 1991 poterat}
933 1919 965 1972 et
986 1908 1106 1993 majore
1128 1909 1301 1992 aliquanto,
1323 1929 1421 1994 quam

345 2010 459 2072 cetera,
479 1995 656 2084 juveutute,
690 2006 721 2058 et
751 1993 891 2057 validum
915 1993 1068 2078 oppidum
1094 1994 1252 2058 moenibus
1283 2008 1361 2059 erat.
1388 2005 1422 2059 et

344 2081 421 2146 hinc
443 2083 545 2145 amnis
570 2082 701 2146 Artatus
724 2079 863 2159 nomine,
887 2079 965 2146 binc
987 2101 1080 2143 mons
1102 2081 1254 2164 praealtus
1277 2095 1309 2145 et
1330 2080 1421 2146 aditu

344 2165 482 2233 difficilis
509 2167 666 2254 cingebat.
689 2163 760 2230 haec
785 2186 873 2250 spem
889 2166 930 2230 ad
945 2162 1150 2231 resistendum
1172 2167 1342 2256 oppidanis
1363 2167 1422 2234 da·

344 2255 432 2320 bant.
481 2254 624 2331 Perseus,
638 2252 889 2319 ¹circumvallato
909 2253 1042 2338 oppido,
1060 2271 1208 2342 aggerem
1224 2277 1242 2318 a
1258 2265 1348 2338 parte
1368 2277 1421 2320 su·

343 2341 469 2428 periore
491 2341 607 2408 ducere
628 2342 776 2422 instituit,
806 2342 894 2428 cujus
925 2341 1093 2405 altitudine
1115 2363 1223 2405 murus
1245 2353 1422 2426 superaret.

342 2428 432 2517 'quod
454 2451 534 2515 opus
555 2429 632 2494 dum
654 2428 829 2516 perficitur,
853 2427 973 2492 crebris
997 2429 1122 2491 interim
1144 2421 1281 2514 preliis,
1304 2427 1423 2514 quibus

344 2537 402 2602 per
425 2516 627 2588 excursiones
643 2523 675 2579 et
689 2515 808 2580 moenia
822 2537 879 2579 sua
893 2513 1045 2601 oppidani
1062 2515 1259 2592 tutabantur,
1276 2526 1307 2580 et
1321 2533 1423 2599 opera

342 2603 483 2668 bostium
500 2600 713 2686 inpediebant,
731 2622 845 2686 magua
868 2622 978 2664 eorum
1000 2601 1172 2666 multitudo
1187 2602 1280 2666 variis
1295 2601 1423 2668 casibus

344 2690 492 2754 absumta
506 2703 569 2752 est:
593 2688 705 2776 et,¹qui
728 2701 924 2772 supererant,
942 2687 1049 2751 labore
1070 2687 1187 2752 diurno
1200 2691 1423 2776 nocturnoque

344 2788 377 2840 et
391 2774 573 2838 ‘vulneribus
603 2773 730 2838 inutiles
755 2787 855 2838 eraut.
902 2773 969 2839 Ubi
982 2775 1123 2858 primum
1140 2797 1237 2863 agger
1258 2775 1423 2861 injunctus

332 2865 439 2936 ,muro
455 2873 511 2940 est,
534 2875 565 2926 et
582 2861 703 2925 'cohors
719 2860 817 2950 regia,
833 2883 923 2946 quos
937 2858 1107 2926 Nicatoras
1130 2862 1301 2947 adpellant,
1315 2875 1423 2927 trans⁴

237 3021 245 3030 „
345 2949 477 3025 scendit,
489 2962 521 3013 et
534 2947 627 3013 scalis
641 2945 749 3012 multis
771 2947 865 3010 simul
887 2947 1029 3032 partibus
1053 2949 1178 3034 inpetus
1199 2949 1231 3012 in
1247 2948 1358 3013 urbem
1375 2963 1424 3014 est

343 3033 458 3100 iactus.
480 3034 615 3119 puberes
637 3057 747 3098 omncs
769 3031 925 3099 interfecti
946 3045 1044 3099 sunta
1068 3037 1218 3120 conjuges
1240 3035 1424 3123 liberosque

345 3122 510 3188 commin
534 3121 712 3186 custodiam
736 3121 840 3186 dedit:
874 3121 994 3205 praedae
1025 3118 1087 3184 alia
1118 3122 1256 3187 militum
1290 3143 1424 3188 cessere.

182 3210 517 3302 1„03,20,mStuberam
540 3209 615 3274 inde
636 3210 737 3274 victor
758 3222 917 3272 revertens
931 3209 971 3272 ad
996 3208 1147 3272 Gentium
1170 3209 1301 3297 legatos,
1327 3208 1425 3275 Pleu·

180 3305 296 3352 Gentium
344 3303 449 3362 'ratum
475 3296 634 3374 lllvrinm,
657 3298 861 3360 exsulantem
880 3295 964 3379 apud
979 3309 1023 3370 se,
1047 3307 1078 3357 et
1096 3295 1282 3380 exputeum
1312 3295 1424 3361 Mace·

183 3371 284 3419 Perseus

183 3435 268 3483 mittit

346 3385 464 3450 donem
480 3407 500 3447 a
516 3383 640 3459 Borma,
664 3383 772 3447 mittit
818 3381 862 3449 Iis
880 3380 1020 3464 mandat,
1035 3393 1072 3444 ut
1086 3396 1282 3468 exponerent
1303 3383 1424 3448 aestatis

346 3472 414 3558 ejus
437 3471 612 3556 hiemisque
632 3482 704 3534 acta
725 3491 782 3533 sua
804 3467 953 3532 adversus
982 3466 1146 3533 Romanos
1176 3467 1424 3556 Dardanosque.

347 3559 520 3644 adjicerent
542 3556 683 3621 recentia
703 3556 746 3618 inf
759 3554 890 3639 Illyrico
910 3553 1054 3617 hibernae
1080 3556 1291 3640 expeditionis
1314 3569 1423 3642 opera.

348 3645 584 3709 ¹⁰bortarentur
599 3643 751 3706 Gentium
779 3641 813 3704 in
835 3639 1007 3728 amicitiam
1030 3646 1140 3706 secum
1160 3654 1191 3707 et
1213 3665 1286 3708 cum
1312 3641 1425 3709 Mace·

346 3730 486 3798 donibus
502 3727 710 3817 jungendam.
779 3762 789 3800 t

360 3903 563 3958 ,trevanae..
578 3908 681 3966 ,prater
694 3903 821 3964 principer,
846 3904 872 3950 t'n
899 3904 1008 3966 tionem,
1019 3907 1050 3952 ab
1060 3907 1167 3953 Heamio
1178 3909 1302 3953 testeum.
1330 3905 1425 3956 Grono-

264 4015 266 4020 ,
349 3967 474 4014 antediem
486 3969 607 4015 eiulatum
617 3963 713 4030 diuisis]
747 3967 872 4028 Principes
905 3968 984 4015 visnae
996 3971 1287 4032 editiones,=opportunim
1296 3969 1369 4017 enim.

344 4045 438 4094 nempe
457 4043 540 4079 secum
561 4033 658 4090 habuit,
669 4039 698 4080 nt
708 4032 831 4093 colligitur
840 4045 872 4078 ex
937 4033 952 4079 9
968 4033 1101 4099 Apamam]
1113 4035 1139 4082 Is
1147 4033 1234 4081 Adoeae
1244 4047 1260 4080 a
1272 4033 1375 4095 Polybio
1384 4047 1427 4080 vo-

348 4097 380 4142 tis
391 4109 447 4156 quee
458 4097 573 4144 dicuntur
583 4098 648 4143 intra
659 4099 690 4145 de
702 4099 814 4145 Carvilio.
827 4098 872 4145 ce·
903 4103 982 4154 eatur,
995 4099 1080 4161 Legat.
1091 4101 1130 4147 76.
1196 4099 1199 4106 ’

266 4159 269 4163 ’
349 4166 415 4206 teres
432 4162 602 4208 custodiendos
621 4173 664 4222 per
681 4163 791 4211 civitates
809 4163 871 4209 diti·
899 4181 902 4184 ·
938 4161 1149 4212 torrerentur
1169 4163 1281 4212 Gentium
1299 4165 1325 4211 tn
1344 4163 1427 4210 amte-

350 4225 390 4270 sit.
905 4227 963 4274 tiam
974 4259 980 4273 .
993 4261 999 4274 .
1013 4227 1184 4293 .jungatdam]
1216 4229 1298 4291 Magis
1318 4227 1426 4298 plecpret

383 4287 576 4350 supportantur
597 4287 681 4356 ettam]
708 4292 872 4353 seposuimus
904 4292 1084 4342 armanum.

349 4360 457 4402 veterem
468 4355 555 4416 prime
563 4355 676 4403 editioni·
686 4363 712 4404 et
721 4357 812 4418 sigonii
823 4358 871 4405 lec·
1009 4385 1013 4391 ι
1134 4387 1137 4394 1
