3154 4984
261 212 356 282 ‚itt
654 211 659 220 '
695 209 978 273 T1T1L1v11

137 375 507 463 u.c.··sss·praesto.fuit,
523 376 651 442 obviam
674 378 788 441 missus
809 399 883 441 cum
906 377 1053 462 pecunia,
1070 375 1111 440 Is.
1127 369 1273 441 Moniius
1285 390 1380 462 qnae-⁸
1456 373 1460 382 ’

134 455 273 505 *⁶³⁰⁸
297 477 375 542 stor,
390 465 447 552 qni
464 464 603 528 Romam
621 485 694 528 eum
716 463 848 548 publico
860 476 969 528 sumtu
983 463 1184 547 perduceret.
1230 461 1375 532 Adveni-

297 552 364 616 enti
378 549 543 636 extemplo
557 567 685 615 senatus
706 551 800 616 datus
821 564 879 614 est.
925 550 959 614 Is
976 549 1162 614 adolescens
1181 549 1226 613 its
1247 547 1375 613 locutas

297 650 355 713 esi,
386 649 433 719 ut,
463 657 549 725 quas,
565 637 661 702 rebus
694 651 787 726 grata
814 651 916 714 erant,
945 638 1086 724 gratiora
1116 635 1220 700 serbis
1247 634 1374 700 faceret.

217 733 221 740 '
298 723 599 806 Commemoravit,
613 734 685 809 quot
708 725 832 808 pedites
862 725 1046 808 equitesque,
1076 733 1151 808 quot
1184 723 1373 806 elephantos,

357 805 361 816 ’
446 814 607 897 fiumenti
619 832 655 875 eo
669 813 877 895 qssadriennio
889 809 1013 893 ⁶⁵pater
1023 831 1097 875 suus.
1108 811 1143 874 in
1154 808 1375 874 Macedoniam

296 898 452 963 misisset¹.
497 899 559 963 Sed
571 899 649 964 muas
662 919 712 962 res
725 900 763 978 ei,
770 897 878 961 nabori
878 897 1001 981 fuisse.-
1024 919 1127 974 unani,
1143 898 1226 981 quod
1236 905 1376 980 rogasset

296 1005 362 1048 eum
373 1007 433 1067 per
446 987 563 1069 legatos
576 994 709 1061 sumtus,
725 1004 795 1068 quae
807 986 852 1048 ad
864 983 975 1047 bellum
989 1005 1065 1066 opus
1078 993 1184 1060 essem,
1197 993 1229 1046 et
1241 1003 1304 1046 non
1318 984 1375 1045 ins-

289 1083 449 1154 perassets
471 1073 614 1147 alteram,
637 1073 720 1156 quod
737 1073 902 1154 pamniam
927 1073 959 1134 ei
976 1091 1038 1153 pro
1049 1071 1215 1155 flumenta
1236 1069 1376 1132 misisset.

297 1157 502 1224 Masinissam
531 1158 709 1234 meminisse,
739 1179 865 1242 regnum
894 1179 915 1219 α
937 1159 1057 1240 populo
1082 1159 1225 1221 Romam
1246 1165 1375 1239 partum

296 1254 475 1328 auetumqru
488 1255 519 1308 et
533 1245 768 1326 mutiplicatum
782 1243 914 1307 habere.-
929 1263 992 1307 ‘rau
1003 1246 1094 1328 regni
1103 1252 1274 1307 contentum
1284 1243 1374 1317 seire,

297 1332 463 1396 dominium
489 1341 520 1394 et
533 1330 592 1414 jus
616 1351 730 1408 eorum,
752 1331 808 1414 qui
828 1332 981 1406 dederint,
1001 1351 1073 1396 esse.
1118 1331 1241 1396 Sumere
1268 1330 1376 1412 itaque

296 1419 423 1494 eosdem,
434 1439 495 1480 non
509 1439 542 1480 se
554 1438 677 1501 rogare,
688 1437 807 1500 aequum
816 1439 889 1491 esse,
903 1415 1036 1500 ⁵⁶neque
1045 1437 1142 1480 maere
1151 1439 1200 1494 ea,
1213 1414 1377 1500 eafrurti-

296 1505 351 1569 bus
364 1505 439 1588 agri
452 1502 493 1566 ab
512 1525 544 1567 se
557 1505 628 1567 dati
649 1503 778 1586 quesibi
794 1505 993 1586 proveniant.
1040 1503 1080 1566 ld
1093 1503 1278 1568 Masinissae
1297 1503 1381 1570 satis.

295 1611 369 1666 esse,
385 1599 416 1652 et
416 1590 506 1674 sore,
522 1592 604 1674 quod
619 1591 737 1672 pupulo
751 1589 894 1652 Ronmno
911 1599 1088 1672 asperasset.
1134 1591 1210 1654 Cum
1225 1591 1266 1653 iis
1287 1609 1374 1652 man·
1456 1643 1461 1650 ,

295 1679 381 1741 datis
395 1698 417 1740 a
425 1685 523 1759 putre
530 1676 702 1760 prefectum
715 1685 822 1758 postea
836 1686 1007 1741 corneastos
1021 1678 1146 1761 equites,
1158 1677 1214 1761 qui
1224 1677 1374 1740 ἀιυὲοίιιιιι

297 1763 519 1828 Macedoniam
550 1763 745 1839 nunciarent,
774 1761 1063 1847 ⁶⁷gramlatumque
1086 1765 1209 1827 senatui
1225 1761 1375 1846 juberent

297 1851 451 1929 indicare,
465 1858 564 1913 tantae
577 1871 644 1913 enm
657 1871 721 1912 rem
734 1851 857 1913 letitia
865 1851 959 1932 patri
971 1871 1026 1913 nso
1040 1871 1112 1926 esse,
1127 1859 1163 1914 ut
1176 1851 1308 1914 Βυιιαιιι
1322 1869 1374 1912 oe·

296 1938 367 2000 nire
380 1939 466 2013 velit,
480 1936 613 2020 Jonique
626 1936 740 2018 optimo
760 1937 894 1998 maximo
915 1937 949 1999 in
966 1938 1128 2020 Capitolio
1141 1937 1332 2020 sacnfcare,
1342 1944 1374 1998 et

291 2032 401 2108 grates
410 2041 519 2107 agerer
541 2023 586 2102 id,
598 2023 663 2086 nisi
672 2023 825 2086 molestum
837 2023 891 2104 sit,
902 2031 937 2086 ut
950 2026 982 2087 ei
992 2022 1375 2106 manummerias

381 2131 407 2173 e·
614 2147 617 2154 .

292 2118 439 2261 petqu·
464 2195 668 2281 Responsum
691 2196 803 2282 regulo
824 2208 888 2259 est:
912 2189 1030 2260 Facere
1047 2205 1168 2280 patrem
1188 2195 1252 2278 q'us
1265 2195 1374 2260 Masi«

296 2284 422 2359 nissam,
439 2285 525 2368 ‘quod
544 2284 643 2348 virum
661 2292 786 2367 gratum
807 2283 974 2370 bonumque
981 2284 1097 2368 faeere
1117 2286 1230 2360 decem,
1246 2293 1282 2346 ut
1296 2303 1373 2365 pre-

295 2372 372 2436 tium
393 2371 594 2454 honoremque
606 2367 745 2434 ⁶8debito
765 2368 907 2454 beuqicio
928 2373 1038 2435 addat.
1081 2372 1128 2434 Et
1146 2371 1292 2454 populum
1305 2370 1373 2432 Re·

295 2477 417 2524 manum
428 2457 472 2520 ab
485 2478 533 2536 eo,
547 2456 625 2520 bello
639 2457 771 2533 Punico,
782 2455 873 2542 forti
884 2458 1036 2542 fidelique
1049 2477 1144 2540 opera
1158 2455 1318 2540 acquum,-
1342 2464 1374 2519 et

295 2545 394 2623 illum,
403 2542 539 2629 fovente
553 2545 673 2626 popsdo
692 2543 843 2620 Romano,
863 2565 988 2629 regnum
1010 2546 1172 2628 adeptum·
1195 2541 1374 2627 ⁵⁹equitate

748 2715 763 2754 h
773 2684 838 2768 misit
848 2719 920 2768 Cres.

328 2869 361 2917 ⁵⁵
378 2868 453 2914 Pater
464 2881 520 2914 suus
531 2897 537 2913 .
550 2899 559 2916 .
570 2899 578 2917 .
589 2869 667 2933 misit]
684 2868 747 2930 iege
758 2881 816 2915 cum
849 2867 981 2915 blanditur.
991 2866 1039 2914 Sed
1045 2873 1128 2913 tamen
1135 2866 1370 2916 isdicitushonorem

295 2933 419 2981 Gronovio
430 2932 539 2980 misisset.
850 2935 979 2979 verborum
991 2931 1108 2978 beneficio
1118 2931 1215 2986 addere,
1227 2931 1270 2990 qui
1281 2933 1372 2980 benefi-

328 2997 361 3045 66
378 2997 545 3058 Nequeemere
555 3011 582 3044 eu
592 3011 622 3044 ee
631 2996 753 3060 fracidus
763 2998 817 3058 agri
849 2998 947 3044 cioase
957 2997 1046 3043 collato
1057 2997 1131 3043 verba
1146 2997 1214 3043 addit
1230 2996 1371 3044 honorifica.

294 3062 323 3109 ai
332 3077 358 3110 sa
367 3061 428 3122 dati,
438 3075 489 3124 qua
499 3063 532 3110 ibi
541 3057 694 3126 mmmmm]
715 3063 818 3110 Iniecta
850 3064 885 3108 At
895 3063 935 3108 hic
947 3075 996 3108 non
1004 3062 1086 3122 agitur
1092 3062 1123 3108 de
1131 3061 1247 3108 beneflcio
1257 3061 1373 3108 Masinis-

296 3127 437 3175 verbositas.
469 3127 618 3191 Euquaidi
627 3127 818 3188 proueniuntni·
850 3125 1372 3180 saeinRomsnos,sedRomanoruminMa·

294 3193 331 3239 hil
347 3193 414 3240 aliud
429 3199 526 3250 sonant,
541 3205 617 3254 quam
632 3190 732 3254 sauctus
751 3192 816 3254 agri.
850 3192 971 3237 sinissam.
984 3191 1071 3251 Neque
1077 3190 1142 3236 enim
1150 3190 1273 3236 eredimus
1279 3191 1372 3238 tastum

294 3257 428 3305 Deleamus
450 3271 508 3318 ergo
526 3259 581 3306 illas
599 3271 679 3312 voces,
698 3265 816 3318 tanquam
849 3257 970 3303 Romanae
979 3255 1156 3315 magnitudinis
1172 3253 1262 3302 sivisse
1272 3267 1314 3302 eos
1329 3269 1372 3318 ag-

294 3323 451 3384 nugatorium
469 3323 714 3384 interpretamentum
731 3323 762 3368 ab
776 3335 817 3368 os-
850 3333 949 3368 noscere
956 3319 1374 3380 beneficiuminsearegequamvis

293 3389 386 3434 citante
396 3387 495 3434 librario
506 3393 598 3434 temere
606 3387 725 3435 additum.
760 3386 818 3433 For·
850 3385 1162 3448 potentissimocollatume
1180 3391 1205 3430 et
1217 3389 1335 3444 praeterea
1345 3387 1372 3434 in

294 3457 359 3499 tasse
380 3453 480 3500 dederat
501 3453 602 3501 Livius.-
629 3467 672 3501 nea
693 3454 816 3514 quicquam
849 3453 880 3498 iis
898 3463 954 3510 quas
973 3450 1114 3509 precedunt
1133 3449 1223 3497 dicitur
1243 3451 1373 3499 Masinissa

294 3529 409 3565 emerem
417 3517 605 3580 Μὶὺιιιαςιί
619 3517 647 3563 ab
661 3517 753 3566 sedati.
785 3516 817 3563 la
848 3517 876 3563 id
889 3515 973 3578 snam
991 3513 1051 3575 quod
1069 3515 1148 3561 uirum
1167 3517 1267 3575 gratum
1288 3515 1371 3563 decem.

293 3579 433 3629 Mamaea
443 3582 502 3628 satis
511 3596 558 3630 ests
567 3582 651 3646 etscre
662 3616 669 3630 .
681 3614 707 3631 ..
849 3581 906 3627 Viri
920 3585 1004 3626 autem
1021 3578 1085 3639 grati
1100 3585 1138 3626 est
1153 3575 1269 3627 extollere
1284 3581 1373 3628 benefl-

327 3645 577 3708 sacratarumque
598 3649 688 3695 senatui
708 3646 819 3711 judermt
849 3644 1296 3703 ciumacceptum,nonasedatum.

287 3711 411 3776 saeuam]
446 3710 479 3757 itt
496 3709 612 3775 juberent
634 3725 669 3771 se,
687 3721 817 3774 postquam
883 3709 1056 3769 tamquam
1073 3706 1130 3771 sun]
1155 3709 1217 3756 Haec
1234 3711 1310 3757 nobis·
1323 3722 1372 3756 non

294 3779 504 3838 gmtsdatusesset
515 3778 620 3833 senatui,
631 3777 745 3824 indicare.
850 3776 949 3836 sapiunt
960 3773 1025 3820 Livii
1042 3785 1155 3820 manum.
1187 3773 1307 3836 AEquitati
1323 3789 1371 3821 non
1452 3829 1455 3834 ¹

328 3841 360 3888 58
376 3842 461 3889 Danu
475 3841 591 3906 beneflcio]
610 3843 731 3888 Beneficio
749 3838 775 3887 in
792 3855 818 3888 se
850 3846 888 3886 est
898 3841 939 3887 hic
950 3840 1025 3885 locus.
1054 3838 1160 3885 Inclinat
1171 3839 1278 3894 animus,
1286 3847 1375 3888 utere·

295 3907 475 3965 Romanorum,
491 3907 556 3966 quod
573 3908 620 3968 ipsi
638 3907 771 3953 debebatur
786 3907 818 3953 ob
850 3907 939 3952 damam
966 3903 1089 3963 scripsisse
1109 3910 1236 3950 nostrums
1264 3909 1287 3950 et
1304 3905 1373 3952 iiiam

294 3977 449 4018 constantem
478 3971 504 4016 in
532 3971 707 4033 rempublicam
736 3972 817 4018 fldem.
843 3969 942 4032 fluente
957 3967 1043 4030 populo
1058 3967 1166 4016 Romano
1184 3981 1284 4029 regnum
1303 3969 1374 4030 adep-

295 4037 581 4084 Elevatcomitersunm
592 4036 737 4089 beneficium
748 4049 817 4082 sena·
850 4038 912 4094 tum,
932 4047 961 4080 ac
984 4035 1073 4080 uirtute
1095 4047 1149 4079 sua«
1190 4032 1275 4081 Postea
1296 4035 1370 4082 triam

295 4107 346 4155 tus,
357 4101 457 4148 fatendo
468 4101 578 4148 debitum
587 4102 662 4148 misse
670 4100 817 4154 Masinissae,
850 4113 933 4160 ιιςιιιιι
947 4097 1076 4154 delimate.
1105 4097 1206 4144 Sieiere
1220 4099 1246 4145 in
1264 4101 1373 4148 orations

287 4166 415 4226 ‘quidquid
429 4166 466 4211 illi
481 4163 621 4225 prestitum
637 4179 652 4212 a
668 4166 819 4225 populoso-
851 4164 1003 4212 ithodiorum
1016 4163 1110 4210 initae.
1123 4161 1162 4210 ta
1185 4163 1281 4224 Siqua
1296 4163 1373 4212 neema

295 4243 371 4276 mano
391 4230 479 4276 fuerat.
512 4231 649 4278 Gmnovius
677 4237 818 4290 suspectum
850 4243 913 4276 nunc
931 4232 965 4275 est
973 4227 1078 4290 fortuna
1094 4225 1165 4274 &um
1179 4228 1327 4290 benignita&
1344 4241 1372 4277 ue

296 4294 383 4340 habuit
392 4295 459 4340 hunc
470 4296 561 4348 locum,
573 4296 669 4356 legique
682 4307 753 4354 posse
761 4309 819 4342 cen·
844 4296 939 4341 uirtute
949 4295 1034 4339 nestra.
1058 4291 1091 4340 Et
1102 4305 1167 4354 sape
1178 4293 1248 4340 alias.
1269 4293 1373 4341 Praeter-

297 4360 357 4414 suit,
372 4363 400 4405 ut
411 4360 516 4420 pretium
531 4360 682 4420 immrcmqsu
698 4360 818 4406 ammaum
851 4373 880 4406 ea
902 4360 955 4405 haec
983 4357 1052 4403 nobis
1074 4364 1237 4406 consentanea
1259 4359 1373 4406 videntur

297 4419 487 4488 municionddot.
520 4421 819 4488 Quaeconjectussprimo
852 4419 1140 4488 mimnermonisque
1152 4424 1373 4480 totaineoest‚ut
