3120 4984
342 197 381 258 rs
719 151 831 253 rim
861 189 1000 254 arvus

176 372 311 422 unsar.
336 358 440 422 multis
463 357 640 443 uragnisque
663 357 781 423 meritis
797 377 879 440 pace
899 357 1035 444 belloque
1052 365 1193 442 partam,
1215 345 1403 448 disjungeret

176 437 311 488 mcdtl.
336 443 399 508 sibi
418 442 458 506 ab
471 443 632 509 Rmnanis.
675 442 759 509 ”Ab
776 441 896 508 Rhodo
921 444 1100 523 redeuntes,
1117 441 1252 510 Boeotiae
1273 468 1402 535 quoque

337 528 487 612 civitates,
503 543 535 594 et
549 529 688 604 Thebas,
704 542 735 594 et
750 531 949 606 Coroneeam,
969 542 1002 595 et
1017 529 1214 609 Haliartum,
1230 531 1399 600 adierunt:

336 614 451 701 quibus
472 637 649 701 expressum
668 615 778 680 invitis
795 615 1044 692 existimabatur,
1061 630 1109 697 ut,
1124 617 1235 683 relicta
1247 619 1336 708 regia
1349 644 1401 686 so-

336 702 458 780 cietate,
477 703 631 768 Romanis
645 701 903 789 adjungerentur.
947 701 1095 769 Thebani
1116 702 1197 767 nihil
1214 707 1292 770 moti
1307 720 1398 772 sunt:

336 809 529 876 quamquam
553 787 709 867 nonnihil,
732 802 765 855 et
786 788 943 855 damnatis
963 786 1171 875 principibus,
1192 801 1224 856 et
1244 791 1400 858 restitutis

336 873 507 953 exsulibus,
533 874 758 941 succensebant
787 875 951 940 Romanis.
996 874 1147 941 Coronaei
1175 888 1208 941 et
1234 877 1399 957 Haliartii,

334 958 441 1025 favore
455 960 592 1048 quodam
615 961 710 1026 insito
726 961 760 1024 in
785 983 885 1048 reges,
900 960 1020 1050 legatos
1039 961 1074 1025 in
1089 960 1316 1028 Macedoniam
1339 966 1401 1030 mi·
1461 1000 1463 1004 f

336 1059 455 1124 serunt,
480 1048 662 1132 praesidium
692 1061 843 1132 petentes,
869 1068 934 1134 quo
962 1067 996 1113 se
1023 1047 1173 1112 adversus
1202 1049 1400 1134 inpotentem

336 1133 515 1218 superbiam
542 1133 771 1199 Thebanorum
801 1135 883 1199 tueri
907 1135 1038 1220 possint.
1083 1133 1145 1199 Cui
1169 1132 1320 1221 legationi
1349 1128 1414 1208 rel¹

336 1240 486 1304 sponsum
501 1218 541 1284 ab
555 1243 631 1308 rege
643 1232 691 1285 est
699 1227 718 1296 ¹,
727 1221 909 1304 presidium
923 1243 955 1286 se
963 1230 1099 1305 propter
1105 1222 1245 1286 inducias
1258 1244 1322 1287 cum
1335 1224 1403 1288 Ro·

335 1307 549 1394 manisfactas
562 1310 682 1372 mittere
695 1309 757 1370 non
772 1327 882 1389 posse.-
904 1316 1005 1372 tamen
1025 1307 1163 1384 strodere,
1179 1309 1227 1371 ita
1240 1331 1261 1372 a
1278 1310 1401 1374 Thebas

335 1413 441 1456 nomm
463 1391 599 1478 injuriis,
621 1402 833 1478 proponent,
856 1401 891 1456 ut
914 1415 947 1458 se
970 1395 1174 1471 uindicarent,
1196 1414 1235 1459 ne
1248 1395 1402 1463 Romanis

121 1555 123 1559 Ι
330 1479 506 1562 preberent
518 1501 654 1544 amasam
668 1479 702 1543 in
714 1501 747 1544 se
759 1479 915 1544 seniendi.
1162 1525 1164 1530 ,

175 1580 283 1628 Mantus
292 1580 327 1626 10-
379 1563 525 1631 XLVII.
549 1565 691 1630 Marcius
712 1577 745 1630 et
753 1563 874 1630 ¹Atilius
893 1564 1031 1629 Romam
1053 1586 1152 1651 quum
1167 1567 1334 1646 venissent,
1348 1567 1396 1636 le·

174 1647 298 1757 83ῧοῃὲ
333 1651 495 1740 gatiouem
515 1653 550 1717 in
565 1649 726 1738 Capitolio
747 1651 793 1716 ita
813 1650 1053 1729 renunoisrunt,
1072 1662 1110 1716 ut
1129 1651 1219 1718 nulla
1239 1675 1274 1720 re
1294 1655 1398 1743 magis

106 1773 113 1788 ·
174 1723 251 1780 ’ω
290 1715 308 1758 ¹⁴
333 1736 558 1826 gloriarentur,
574 1759 668 1826 quam
684 1737 816 1822 decepto
830 1757 889 1823 per
904 1736 1048 1802 inducias
1062 1749 1094 1802 et
1107 1759 1195 1824 spem
1209 1740 1296 1826 pacis
1309 1763 1397 1830 rege.

334 1825 422 1889 Adeo
435 1827 516 1890 enim
529 1823 735 1909 adparatibus
746 1823 819 1890 belli
826 1825 933 1909 finisse
946 1826 1134 1902 tannetum,
1146 1825 1223 1910 ipus
1234 1829 1321 1892 nulla
1332 1850 1398 1913 pa·

333 1920 408 1975 rata
420 1934 465 1990 re,
480 1921 515 1976 ut
527 1913 631 1976 omnia
643 1919 817 1995 opportuna
829 1911 898 1975 loca
913 1913 1131 1995 praeocmrpuri
1143 1922 1216 1977 ante
1232 1913 1272 1977 ab
1286 1936 1321 1978 eo
1337 1937 1399 2000 po-

333 2000 460 2075 tuerint,
474 2019 564 2082 quam
578 1999 725 2064 euerritur
738 1999 773 2062 in
790 1994 945 2062 Granium
966 1994 1170 2080 trajiceretur.
1214 2000 1325 2082 Spatia
1339 2021 1398 2086 au·

332 2092 391 2148 tem
420 2085 613 2148 induciarum
640 2093 748 2164 ssemto,
772 2093 929 2148 venturum
953 2084 1039 2147 iilum
1061 2085 1162 2148 nihilo
1181 2087 1376 2167 paratiorem
1381 2121 1395 2162 ,-
1468 2098 1471 2108 ’

332 2169 490 2235 Romanos
502 2173 638 2236 omnibus
652 2171 861 2236 instructiores
880 2170 968 2234 rebus
981 2179 1129 2252 capturos
1143 2169 1260 2236 bellum.
1303 2172 1398 2237 Baa-

325 2255 430 2325 'torum
443 2279 560 2344 quoque
569 2279 601 2322 se
613 2259 772 2321 correilium
783 2266 852 2321 arte
862 2257 1051 2334 distrouisse,
1067 2277 1106 2320 ne
1114 2255 1255 2342 conjungi
1264 2260 1398 2344 amplius

330 2343 393 2408 ullo
406 2365 550 2409 consensu
563 2343 783 2408 Macedonibus
791 2351 926 2425 possent.
972 2341 1066 2419 Hoeo,
1083 2349 1118 2406 ut
1134 2364 1257 2408 summa
1271 2344 1395 2411 ratione

331 2443 412 2508 acta,
428 2452 546 2519 magna
565 2451 639 2516 pars
660 2441 787 2496 senatum
808 2427 1023 2514 adprobabat:
1046 2439 1167 2494 veteres
1181 2441 1213 2494 et
1228 2430 1325 2495 moris
1339 2444 1399 2496 an·

172 2527 275 2575 &nnus
287 2529 324 2576 in·
332 2515 413 2604 tiqui
427 2534 581 2582 memores
602 2516 772 2604 negabant,
786 2537 818 2581 se
832 2517 866 2581 in
883 2537 921 2579 ea
934 2516 1092 2600 legatione
1104 2515 1264 2581 Romnum
1284 2539 1399 2602 agnos·

171 2595 293 2653 mm·
332 2625 400 2668 cere
413 2614 505 2669 artes.
550 2600 624 2667 Non
634 2624 695 2686 per
709 2603 842 2668 insidias
856 2611 886 2666 et
900 2613 1048 2666 nocturna
1057 2603 1187 2685 praelia,
1200 2623 1255 2668 nec
1267 2604 1396 2668 simulo·

331 2699 396 2753 tam
408 2690 774 2774 fugam-inprovisosque
787 2689 831 2760 ud
850 2689 1002 2753 incautum
1020 2688 1131 2752 hostem
1152 2690 1278 2767 reditus,
1293 2691 1398 2756 nec'ut

332 2785 402 2840 astu
426 2777 534 2858 magis,
559 2796 650 2858 quom
674 2796 748 2840 vera
771 2774 894 2852 uirtute,
912 2775 1138 2859 gloriarentur,
1159 2774 1240 2839 bella
1263 2775 1395 2862 majores

328 2861 462 2946 gessisse.
475 2859 503 2900 ⁶⁰
509 2863 642 2926 indicere
648 2861 751 2943 prius,
763 2881 853 2945 quarn
864 2882 981 2946 gerere,
992 2861 1098 2925 solitos
1108 2859 1198 2938 bella,
1208 2863 1396 2928 derrunainre

331 2947 444 3023 etiam·
465 2948 617 3011 interdum
627 2948 949 3031 locumfinire,.inqua
959 2948 1252 3013 dimicaturiessent.
1273 2949 1396 3014 Eadem

321 3034 392 3118 fide
413 3034 581 3098 indicatum
597 3034 720 3120 Pyrrho
740 3034 810 3118 regi
827 3035 982 3113 medinam,
1001 3034 1075 3098 uita
1092 3029 1155 3118 gres
1174 3034 1394 3100 insidiantem:

332 3121 436 3184 eadem
450 3118 477 3158 ⁶¹
482 3120 615 3185 Faliscis
628 3121 760 3185 uinctum
770 3119 917 3184 madium
925 3120 1115 3203 proditorem
1126 3119 1288 3185 liberorum
1301 3122 1397 3206 regis.

333 3205 413 3271 Haec
428 3206 571 3270 Romana
591 3228 663 3285 esse,
678 3226 740 3270 non
761 3207 961 3271 uerndiemm
978 3207 1175 3284 Punicamm,
1190 3227 1286 3292 nepte
1304 3210 1398 3272 catti·

332 3293 445 3358 ditatis
460 3290 602 3358 Graecae=
623 3294 709 3377 aptrd
722 3314 796 3377 quos
802 3292 925 3379 fallere
937 3292 1060 3372 indum
1074 3312 1165 3376 guam
1185 3293 1219 3358 ui
1237 3311 1397 3376 superare,
1428 3293 1431 3298 ’

328 3377 493 3463 gloriosius
502 3378 621 3464 fierit.
667 3381 819 3445 Interdum
839 3380 875 3444 in
897 3397 1030 3461 praesens
1054 3386 1170 3462 tempus
1192 3380 1265 3464 plus
1281 3381 1398 3464 profici

333 3466 414 3544 dolo,
429 3487 520 3552 quarn
544 3466 677 3532 uirtute:
707 3467 762 3532 sed
781 3486 845 3552 erres
869 3467 985 3530 demum
1006 3464 1140 3530 animum
1163 3466 1397 3552 inperpetuum

765 3603 876 3652 'muel
891 3605 962 3652 crer-

365 3719 399 3770 49
414 3719 847 3784 ammanuensium
877 3721 918 3768 oui
938 3720 1058 3769 indictum
1079 3721 1168 3777 meet,
1189 3722 1229 3770 vel
1251 3721 1338 3770 saltem
1360 3725 1395 3772 nt

333 3801 377 3849 gne
386 3782 505 3850 ciuitates]
520 3786 634 3846 Polybius
641 3785 748 3833 diversos
754 3786 846 3848 legatos
876 3786 1016 3846 mammam
1026 3785 1052 3832 in
1063 3787 1151 3833 finssrus
1158 3785 1306 3847 presidium
1335 3786 1393 3838 Vni·

334 3850 848 3900 Rhodnmetinlioeotiammissosesse
879 3849 1167 3912 summm-as.
1441 3873 1446 3886 ·

333 3918 399 3965 olere
415 3917 486 3964 donet
504 3915 589 3976 Legat.
608 3912 647 3962 65.
664 3920 690 3962 st
705 3914 744 3962 66.
776 3914 848 3970 Quod
911 3911 942 3962 st
959 3913 1394 3978 Faltrrtsoturtumtmdttumpmdt-

334 3981 390 4029 ideo
400 3979 632 4040 nummumque
641 3979 780 4040 oetmmnin
789 3991 848 4027 eum
879 3981 952 4026 torem
961 3979 1088 4027 literarum
1101 3979 1179 4044 regis]
1200 3979 1313 4040 Slgonius
1328 3981 1394 4029 exis·

334 4047 361 4094 ia
371 4047 418 4095 hae
428 4047 496 4093 omni
507 4045 642 4092 nunnoni
652 4044 762 4106 sequitur
771 4050 797 4091 et
806 4057 849 4094 ex·
879 4043 951 4090 timet
961 4043 1021 4090 alios
1032 4045 1072 4092 hie
1087 4053 1197 4116 auctorep
1212 4052 1323 4093 samtum
1339 4059 1393 4094 esse

334 4113 418 4159 mulsit
429 4117 517 4158 noster.
878 4108 1139 4170 unumquemque
1149 4111 1395 4171 secutusestinipsa

367 4172 847 4230 501ntteere..mltmstetta,tenamtare
877 4185 905 4220 re
915 4173 1044 4232 narranda,
1055 4176 1154 4234 supral-
1166 4173 1197 4223 V.
1207 4188 1228 4222 c.
1240 4175 1279 4223 et.
1298 4175 1396 4224 Grono-

333 4239 417 4303 etlam]
433 4239 530 4287 Bellum
538 4239 688 4286 mdinebatm
698 4243 796 4286 senmus
806 4241 848 4286 de·
879 4238 934 4285 rius
943 4237 992 4300 legi
1001 4251 1071 4298 posse
1082 4244 1152 4300 putat
1159 4238 1302 4302 proditurus
1311 4239 1397 4290 triere-

333 4299 632 4364 eretoeepopulijussus
648 4309 704 4350 tum
718 4304 849 4351 munde-
879 4303 1092 4366 marmenem

334 4373 407 4422 berar
416 4367 457 4417 ml
466 4367 514 4435 ipsi
524 4367 610 4429 utique
624 4367 676 4430 regi
691 4372 735 4416 eut
749 4369 848 4430 populo,
