3042 4980
500 207 845 287 PRAEFATIO.
1105 207 1225 286 xxxiii

123 409 213 486 vitio
232 420 273 485 et
289 410 505 486 eommunis
521 410 686 510 exempli
712 401 916 508 imperiosa
933 409 1023 506 tege
1043 407 1222 508 abreptus

121 525 269 600 futilem
302 525 491 623 religionis
524 526 698 602 umbram
730 549 800 624 pro
834 551 875 601 re
910 525 1220 624 ample.eteratur;
1331 567 1338 582 ι

77 727 79 734 ¹
120 639 349 730 laudandus,
386 642 450 742 qui
479 643 649 716 umbram
681 643 856 726 retineret
889 651 1027 734 tamen,
1051 665 1222 740 seseque

121 757 285 832 multum
303 758 352 832 ab
368 757 588 834 insanientis
607 756 800 856 sapientire
818 757 981 832 audacia
1007 765 1047 831 et
1071 756 1221 832 temeri·

120 883 199 947 tate
217 875 444 970 sejungeret,
456 897 541 972 quae
560 873 702 946 bellum
720 871 826 948 falsis
836 873 1022 948 indictum
1042 872 1116 948 diis
1133 895 1222 950 cum

36 1055 39 1064 .
121 1011 212 1061 vero
237 988 405 1084 gerebat,
426 998 464 1062 et
482 989 573 1062 dum
591 987 728 1086 impios
746 989 849 1086 vulgi
871 989 973 1064 circa
989 989 1119 1064 divina
1136 1014 1223 1088 pro·

120 1103 270 1201 fligaret
287 1128 443 1192 errores,
463 1105 582 1203 ipsam
601 1106 762 1182 tollebat
779 1106 946 1180 divinam
964 1106 1053 1195 vim,
1066 1107 1221 1181 cadem·

4 1263 5 1280 ι
120 1245 196 1319 que
215 1243 334 1317 opera
353 1221 561 1294 maximum·
579 1221 735 1316 justitias
760 1233 800 1297 ct
824 1213 1018 1298 societatis
1045 1223 1221 1298 humana

120 1336 317 1410 vinculum
344 1337 590 1412 dissolvebat.
643 1339 876 1436 sacrilegam
907 1339 1015 1427 hanc,
1039 1363 1124 1438 quae
1150 1363 1221 1414 suo

120 1477 202 1527 aero
222 1452 360 1528 Romae
379 1452 536 1552 vigebat,
554 1455 775 1552 opinionum
794 1455 999 1542 licentiam,
1014 1479 1092 1530 non
1105 1453 1223 1530 semel

121 1569 303 1668 increpat,
323 1579 465 1643 etcum
482 1570 604 1645 intimi
627 1571 773 1646 doloris
799 1597 914 1646 sensu
941 1573 1059 1647 deflet
1077 1571 1221 1647 Livius.

121 1685 247 1770 Quam
266 1685 402 1782 gravis,
418 1691 569 1784 quanta
587 1687 796 1764 severitatis
808 1689 1127 1781 etsanctimoniae
1144 1689 1222 1786 ple·

4 1859 5 1876 ,
119 1827 171 1876 na
187 1811 248 1876 est
267 1802 445 1902 haeequae
462 1802 526 1876 lib.
540 1803 613 1878 111.
632 1829 716 1902 cap.
730 1811 791 1879 20.
815 1805 979 1880 occurrit
995 1829 1103 1878 nuvae
1121 1803 1222 1878 illius

4 1937 5 1984 ι
119 1917 328 2016 impietatis
346 1918 567 2015 castigatio?
603 1921 779 1997 Nondum
804 1923 894 2010 hac,
913 1949 994 2021 qaoe
1015 1945 1112 1996 acac
1128 1932 1225 1996 tenet

4 2071 5 2088 ι
118 2039 287 2122 seculum,
304 2037 537 2138 negligentia
552 2037 657 2112 deam
673 2048 841 2112 aaaa'at:
871 2063 935 2114 aec
951 2041 1224 2138 iataprataado
1345 2040 1350 2050 ’

4 2161 5 2228 2
118 2151 192 2227 siti
206 2154 358 2251 quisque
372 2155 636 2253 jusjurandum
656 2164 692 2228 a
717 2153 817 2254 teges
832 2167 941 2254 aptas
957 2153 1144 2251 saciabat,
1162 2157 1227 2229 sad

4 2283 5 2298 ¹
117 2295 201 2345 saus
210 2271 341 2370 potius
355 2295 471 2346 moras
485 2273 593 2346 adea
617 2269 921 2348 accommodabat.
976 2267 1029 2344 Et
1047 2267 1149 2355 alibi,
1170 2268 1221 2342 de

113 2387 257 2481 juvene
272 2409 321 2462 eo
339 2384 405 2485 qui
424 2387 618 2464 consulem
636 2386 871 2462 monendum
890 2384 961 2460 sibi
987 2409 1074 2460 esse
1091 2383 1222 2458 existi·

121 2500 251 2574 mabat
267 2501 469 2600 pullarium
496 2501 667 2602 auspicia
693 2495 913 2578 ementitum
940 2525 1037 2588 esse,
1053 2502 1221 2600 'juvenis

117 2617 256 2718 inquit,
274 2629 360 2696 ante
385 2623 588 2696 doctrinam
612 2622 695 2696 deas
718 2629 942 2718 spernentem
965 2627 1086 2692 natm.
1140 2613 1220 2701 Sed
1230 2644 1316 2696 xmo

4 2731 5 2740 '
118 2733 215 2832 quid
241 2734 353 2832 plura
370 2759 466 2833 opus
484 2737 566 2810 esti
597 2734 673 2820 Qui
700 2734 835 2816 sedulo
859 2732 1111 2832 perpenderit,
1128 2757 1222 2831 quo·

118 2865 209 2926 n'am
226 2853 343 2926 modo
363 2851 504 2939 Livius,
519 2851 551 2927 si
568 2852 662 2952 quid
684 2851 744 2950 pie
760 2851 799 2926 in
817 2851 914 2926 deos
930 2851 1071 2925 factum
1091 2859 1161 2938 est,
1179 2849 1220 2924 id

119 2977 393 3042 commemoret
411 2973 449 3040 et
465 2967 665 3065 praedicet3
693 2977 838 3054 contra,
857 2964 889 3040 si
916 2964 955 3040 in
982 2964 1109 3062 aliquo
1127 2988 1221 3039 con·

118 3091 287 3181 temptor
302 3080 490 3178 religionis
508 3081 656 3157 animus
668 3091 868 3181 appareat,
879 3105 994 3180 quam
1012 3079 1044 3155 is
1058 3078 1222 3156 iuvidia-

119 3225 161 3273 se
177 3198 431 3286 describatur,
452 3199 547 3273 etin
566 3199 697 3273 odium
726 3209 890 3284 vocetur,
909 3195 1023 3271 facile
1048 3194 1225 3272 animad-
1297 3257 1300 3263 Α

119 3325 239 3390 vertet
255 3314 444 3413 prioribus
463 3315 537 3390 illis
555 3314 739 3412 exemplis
764 3319 934 3386 nostrum
962 3309 1222 3410 maximopere

4 3509 5 3532 1
120 3432 355 3507 delectatum
375 3455 469 3518 esse,
490 3433 570 3507 haec
589 3440 732 3506 verset
758 3453 806 3503 ex
833 3427 961 3502 animo
979 3428 1220 3504 detestatum.

4 3647 5 3650 Ἴ
118 3548 292 3624 Sufficiat
309 3548 368 3623 hia
386 3547 557 3624 indicare
574 3546 708 3624 lectori
727 3569 838 3643 capp.
856 3552 919 3618 40.
940 3554 978 3618 et
995 3550 1056 3618 46.
1084 3539 1151 3618 lib.
1169 3538 1221 3614 V.

4 3655 5 3694 ³
119 3664 183 3739 ubi
203 3665 257 3740 de
277 3662 449 3750 Albinio,
470 3675 507 3738 et
529 3663 649 3738 Fabio
665 3661 843 3737 Dorsone
861 3659 952 3756 agit,
969 3667 1010 3732 et
1035 3657 1141 3734 initia
1157 3655 1222 3735 lib.

120 3779 258 3858 XXII.
277 3779 341 3854 ubi
358 3781 407 3854 de
424 3780 584 3856 consule
598 3776 795 3853 Flaminio.

171 3895 313 3995 Neque
324 3919 415 3973 vero
426 3895 712 3982 crediderimus,
725 3891 766 3967 id
784 3892 890 3991 quod
909 3890 1018 3965 multi
1029 3888 1139 3966 Livio
1154 3890 1219 3966 ob·
1230 3917 1385 3998 insessos

118 4012 255 4106 jecere,
273 4011 378 4091 illam
395 4035 512 4110 quam
528 4011 569 4086 in
586 4033 631 4086 eo
650 4010 852 4086 laudamus
870 4005 1037 4082 coelestis
1054 4006 1221 4086 numinis
1229 3985 1377 4112 mii„

122 4128 383 4214 rererentiam,
403 4126 444 4200 in
463 4128 601 4201 anilem
622 4123 931 4223 superstitionem
957 4121 1220 4219 degenerasse.
1388 4145 1391 4152 ·

127 4238 223 4320 Huic
241 4241 496 4320 criminationi
514 4243 677 4318 maxime
691 4264 824 4314 ansam
841 4238 1034 4338 prebuere
1048 4236 1221 4339 prodigia

171 4383 260 4437 von.
283 4384 341 4436 rr.
649 4358 693 4431 *e
