3154 4984
156 339 190 387 U.
199 338 227 386 C.
237 337 293 386 684.

155 405 187 453 A.
200 406 229 452 0.
240 403 294 452 lea

318 164 374 225 164
700 160 979 222 Ti'r'1L1v11

320 329 512 393 inmemores
526 325 643 392 fecerat
657 327 809 414 sequendi
820 328 950 414 equites.
989 327 1059 393 Diu
1075 325 1219 413 phalanx
1236 351 1254 392 a
1270 327 1393 405 fronte,

320 440 341 481 a
355 414 518 492 luteribus,
535 414 574 478 ab
601 426 692 500 tergo
714 435 796 478 caesa
821 427 884 478 est:
909 426 1079 498 postremo,
1103 415 1158 502 qui
1183 437 1225 478 ex
1248 414 1388 478 hostiurn

321 502 468 567 manibus
499 500 596 585 elapsi
620 512 720 575 erant,
740 501 876 565 inermes
897 500 939 565 ad
961 521 1049 565 mare
1072 501 1239 602 fugientes,
1257 501 1388 587 quidam

321 611 438 675 aquam
461 589 555 652 etiam
580 587 724 672 ingressi,
754 609 865 651 manus
891 587 933 652 ad
955 587 1146 673 eos,qui1n
1168 589 1266 652 classe
1288 601 1390 663 erant,

270 675 278 700 ²
323 675 496 752 tendentes,
514 673 699 759 suppliciter
714 675 810 738 vitam
827 673 980 739 orabant:
1004 688 1036 739 et
1051 696 1148 760 quum
1165 673 1297 760 scaphas
1315 694 1393 739 con-

321 784 449 828 currere
464 761 605 846 undique
631 760 671 824 ab
693 761 826 825 navibus
848 773 1021 839 cernerent,
1038 761 1079 826 ad
1093 761 1299 848 excipiendos
1325 781 1393 825 sese

322 849 430 914 venire
444 848 516 925 rati,
533 861 568 912 ut
583 859 734 932 caperent
755 849 871 933 potius,
888 870 984 934 quem
1008 848 1198 926 occiderent,
1214 848 1341 933 longius
1356 849 1389 910 in

322 958 449 1023 aquam,
465 934 595 1022 quidam
618 935 714 998 etiam
736 947 892 1014 natantes,
907 937 1066 1021 progressi
1081 948 1164 1001 sunt.
1211 935 1274 1000 Sed
1289 955 1389 1020 quum

321 1021 478 1087 hostiliter
500 1045 517 1086 e
539 1020 664 1107 scaphis
688 1022 895 1097 crederentur,
911 1034 1007 1100 retro,
1032 1023 1087 1110 qui
1108 1033 1267 1108 poterant,
1283 1021 1394 1084 nando

322 1121 500 1193 repetentes
529 1121 658 1189 terram,
673 1108 705 1170 in
728 1107 821 1171 aliam
851 1107 1018 1172 foediorem
1048 1124 1168 1192 pestem
1197 1108 1393 1172 incidebant.

304 1273 307 1280 Ι
322 1195 484 1280 elephanti
499 1195 594 1274 enim,
610 1195 651 1258 ab
666 1193 842 1259 rectoribus
857 1194 899 1258 ad
914 1194 987 1258 litus
1003 1196 1076 1271 acti,
1093 1207 1244 1260 exeuntes
1266 1195 1393 1258 obtere-

161 1385 251 1432 20000.
261 1399 307 1430 οω-

160 1451 196 1496 ri:
217 1449 304 1497 11000.

161 1515 234 1576 capti.

159 2243 233 2304 Regi·
242 2245 308 2303 ruga.

323 1282 642 1366 bantelidebantque.
688 1280 793 1345 Facile
808 1282 1027 1360 conveniebat,
1046 1282 1201 1347 Romanis
1216 1302 1391 1366 numquam

324 1393 388 1434 una
403 1371 470 1434 acie
491 1382 615 1432 tantum
633 1366 848 1431 Macedonum
872 1368 1083 1433 interfectum.
1130 1370 1223 1433 Caesa
1245 1369 1330 1432 enim
1352 1367 1392 1432 ad

325 1457 436 1543 viginti
452 1455 551 1519 millia
565 1454 731 1518 hominum
747 1468 838 1518 sunt:
863 1455 902 1517 ad
919 1478 975 1518 sex
990 1455 1100 1535 millia,
1115 1456 1170 1542 qui
1188 1456 1333 1542 Pydnam
1349 1477 1391 1518 ex

316 1546 390 1608 'acie
405 1542 618 1629 perfugerant,
633 1541 695 1604 vivi
717 1542 750 1603 in
776 1553 963 1624 potestatem
986 1542 1216 1627 pervenerunt:
1240 1554 1271 1606 et
1285 1543 1392 1628 regie

323 1629 400 1716 fuga
415 1630 555 1714 quinque
571 1627 671 1692 millia
685 1627 851 1691 hominum
867 1641 968 1712 capta.
1016 1629 1066 1693 Ex
1084 1630 1255 1694 victoribus
1270 1628 1392 1692 cecide·

325 1729 400 1782 runt
416 1739 480 1779 non
497 1715 569 1800 plus
585 1727 724 1791 centum,
741 1727 898 1778 eteorum
915 1715 1017 1779 multu
1038 1715 1142 1802 major
1163 1738 1237 1802 pars
1255 1715 1392 1802 Peligni.

324 1804 481 1868 vulnerati
493 1803 658 1887 aliquanto
674 1804 778 1885 plures
799 1814 884 1865 sunt.
930 1802 1069 1878 Quodsi
1085 1803 1239 1868 maturius
1253 1802 1393 1888 pugnari

322 1903 467 1976 coeptnm
499 1902 589 1966 esset,
615 1901 649 1951 ut
674 1889 747 1950 satis
777 1887 841 1951 diei
867 1888 1038 1953 victoribus
1067 1889 1107 1954 ad
1138 1888 1392 1974 persequendum

323 1987 508 2062 superesset,
525 1976 637 2039 deletae
653 1995 762 2038 omncs
784 1975 886 2058 copiae
904 1974 1025 2040 forent:
1048 1998 1134 2040 nunc
1149 1977 1309 2040 inminens
1324 1998 1392 2039 nox

323 2079 354 2128 et
368 2064 525 2152 fugientes
539 2064 630 2137 texit,
644 2075 674 2125 et
687 2061 838 2124 Romanis
860 2062 1019 2148 pigritiem
1043 2063 1082 2128 ad
1098 2064 1298 2151 sequendum
1313 2063 1392 2126 locis

323 2152 440 2240 ignotis
455 2151 540 2214 fecit.
1000 2181 1002 2184 ·

369 2239 504 2303 XLlll.
530 2237 664 2302 Perseus
680 2237 718 2302 ad
738 2237 874 2302 Pi'e’riam
889 2238 999 2302 silvam
1017 2239 1066 2302 ria
1078 2238 1219 2314 militari,
1236 2237 1392 2322 frequenti

323 2327 450 2414 agmine
465 2325 605 2413 equitum
630 2337 662 2388 et
684 2327 771 2413 regio
794 2325 957 2402 comitatu,
972 2324 1067 2413 fugit.
1113 2324 1215 2389 Simul
1231 2326 1262 2388 in
1281 2328 1392 2388 silvam

323 2428 450 2478 ventum
467 2426 524 2489 est,
541 2413 596 2476 ubi
611 2411 718 2496 plures
734 2411 867 2475 diversae
884 2413 1006 2476 semitae
1028 2425 1128 2488 erant,
1146 2425 1177 2476 et
1192 2433 1257 2474 nox
1276 2411 1392 2496 adpro·

323 2501 514 2588 pinquabat:
546 2521 619 2562 cum
642 2499 809 2583 perpaucis
832 2499 969 2563 manime
990 2498 1063 2564 fidis
1078 2499 1129 2563 via
1144 2499 1302 2562 divertitss.
1348 2495 1394 2561 E-

323 2588 436 2673 quites,
457 2587 524 2650 sine
546 2584 628 2649 duce
654 2585 765 2660 relicti,
789 2584 843 2647 alii
866 2584 928 2649 alia
957 2585 989 2648 in
1016 2585 1158 2650 civitates
1183 2608 1255 2650 suas
1279 2584 1394 2671 dilapsi

323 2688 413 2738 sunt:
449 2672 600 2757 perpauci
630 2670 705 2734 inde
728 2670 850 2734 Pellam
877 2673 1018 2749 celerius,
1042 2695 1136 2758 quam
1164 2673 1230 2756 ipse
1247 2672 1392 2750 Perseus,

347 2763 396 2823 uia
410 2759 531 2823 ³⁵recta
553 2756 701 2842 expedita
715 2761 765 2822 via
789 2757 900 2835 ierant,
918 2771 1145 2840 pervenerunt.
1188 2761 1256 2823 Rex
1271 2760 1310 2824 ad
1327 2781 1393 2823 me·

323 2783 409 2910 diam
423 2844 521 2908 ferme
537 2855 662 2908 noctem
678 2855 800 2907 terrore
814 2858 847 2908 et
861 2846 955 2908 variis
969 2845 1207 2910 difficultatibus
1224 2845 1283 2908 viae
1298 2868 1393 2910 rexa-

322 2944 373 2995 tus
390 2942 446 2995 est.
492 2931 531 2995 In
548 2933 635 3019 regia
652 2930 778 3007 Perseo,
796 2931 850 3015 qui
868 2931 967 2996 Pellae
988 2944 1135 3018 praeerat,
1154 2933 1276 2997 Euctus
1298 2933 1393 3020 regii-

323 3041 384 3105 que
400 3019 491 3102 pueri
506 3033 625 3103 praesto
647 3029 747 3081 erant.
771 3030 883 3081 contra
907 3041 945 3083 ea
968 3021 1156 3100 amicorum,
1177 3019 1243 3106 qui,
1260 3019 1314 3084 ulii
1328 3021 1392 3084 alio

323 3128 397 3170 casu
413 3106 538 3184 servati,
555 3128 595 3168 ex
610 3103 725 3189 proelio
742 3103 863 3168 Pellam
880 3119 1042 3184 venerant,
1063 3129 1163 3192 quum
1186 3129 1271 3192 saepe
1290 3128 1393 3172 arces·
1439 3135 1443 3148 ·

323 3193 374 3256 siti
396 3208 509 3269 essent,
526 3214 620 3256 nemo
646 3193 685 3254 ad
712 3213 784 3254 eum
802 3193 897 3257 venit.
922 3207 984 3257 tres
1006 3205 1097 3257 erant
1117 3205 1240 3257 tanturn
1264 3216 1337 3258 cum
1354 3216 1393 3258 eo

321 3278 408 3365 fugae
430 3280 582 3356 comites,
596 3277 745 3342 Evander
773 3269 943 3356 Cretensis,
964 3279 1261 3359 ³⁶Neoh13oeotius,
1283 3294 1315 3344 et
1329 3285 1393 3346 Ar·

322 3366 489 3430 chidamus
504 3364 646 3448 AEtolus,
662 3387 732 3429 curn
756 3364 805 3440 iis,
817 3366 883 3448 jam
908 3378 1061 3443 metuens,
1079 3388 1129 3444 ne,
1146 3368 1201 3453 qui
1225 3369 1332 3431 venire
1351 3368 1394 3432 ad

322 3475 356 3517 se
377 3453 563 3526 abnuerent,
588 3453 687 3537 majus
713 3450 832 3537 aliquid
860 3473 933 3515 mox
957 3453 1121 3530 auderent,
1149 3469 1262 3540 quarta
1286 3454 1395 3540 vigilia

321 3538 473 3628 profugit.
520 3539 628 3604 Secuti
651 3559 723 3603 eum
749 3549 824 3602 sunt
839 3539 1010 3603 admodum
1026 3541 1191 3627 quingenti
1214 3541 1394 3608 Cretenses.

319 3626 450 3712 petebat
464 3625 703 3710 Amphipolim:
729 3624 783 3688 sed
807 3637 900 3690 nocte
915 3650 934 3690 a
951 3626 1039 3691 Pella
1061 3630 1193 3706 exierat,
1216 3649 1393 3713 properans

320 3726 394 3778 ante
419 3711 522 3778 lucem
539 3711 658 3776 Axium
680 3733 806 3778 amnem
832 3713 987 3797 trajicere,
1010 3736 1084 3777 eum
1107 3715 1204 3778 finem
1227 3715 1391 3802 sequendi,

320 3811 452 3885 propter
463 3797 682 3862 difficultatem
698 3798 859 3877 transitus,
872 3798 939 3864 fore
951 3812 1038 3865 ratus
1052 3802 1217 3866 Romanis.

364 3885 492 3950 XLIV.
518 3884 705 3966 Consulem,
726 3907 823 3971 quunr
852 3886 939 3949 sein
966 3903 1068 3952 castra
1088 3891 1189 3952 victor
1211 3890 1391 3974 recepisset,

319 3994 361 4036 ne
375 3975 498 4037 sincero
511 3970 631 4060 gaudio
644 3969 812 4049 frueretur,
829 3994 905 4036 cura
920 3972 960 4037 de
978 3975 1100 4040 minore
1114 3975 1182 4040 filio
1198 3975 1391 4043 stimulabat.

580 4093 700 4143 ederam
707 4097 781 4142 Gran.
793 4096 862 4143 Crev.
961 4095 1053 4147 hllfrua
1065 4101 1134 4148 Crer.

349 4212 382 4260 35
399 4212 472 4259 Recta
482 4211 590 4274 expeditu
609 4210 660 4274 uia]
678 4211 745 4273 Lege
759 4213 840 4273 potius
872 4213 940 4260 ribus
950 4222 976 4261 et
986 4216 1106 4264 fruticetis
1117 4218 1270 4278 impeditam.

317 4291 375 4325 cum
394 4277 526 4330 Gronorio,
541 4282 602 4324 rectu
620 4280 643 4322 et
658 4277 765 4336 expedita
783 4278 839 4326 viar
903 4279 936 4326 36
953 4281 1020 4328 Neon
1037 4282 1153 4346 Baetim]
1174 4283 1214 4330 Sic
1232 4283 1309 4332 edidit
1324 4282 1393 4345 Sigo-

317 4349 341 4389 et
352 4341 487 4404 expeditam
499 4343 562 4386 utam
582 4341 691 4401 intellige
702 4355 751 4388 non
770 4342 840 4390 arbu-
871 4344 927 4400 nius
938 4345 1120 4402 err-Plutarcho,
1132 4359 1176 4408 pro
1185 4349 1291 4398 Barna
