3120 4984
332 210 389 264 104
703 205 816 265 mni
845 204 982 264 urvu
1097 163 1099 168 ⁵

168 435 364 566 ssgcgssfflpet
378 465 451 522 octo
465 478 560 522 naves
572 472 698 521 ornatas
712 480 732 522 e
747 455 922 521 Brundisio
942 469 1068 521 senatus
1089 456 1211 520 censuit
1225 453 1337 517 mitten
1361 471 1397 514 as

167 567 218 614 rico
228 575 312 630 W,
332 539 372 604 ad
401 540 440 606 C.
468 543 600 608 Furium
623 543 762 644 legatum
787 542 897 621 Issam,
920 543 1069 629 quicum
1114 540 1239 606 roesidio
1258 538 1398 605 duarum

332 625 503 694 Issensium
519 631 647 694 navium
663 628 776 694 msulae
790 643 937 714 praeerat.
959 629 1024 693 duo
1035 564 1135 692 millia
1146 627 1281 691 militum
1295 626 1328 689 in
1344 645 1398 689 ess

332 735 427 780 nares
441 728 515 780 sunt
531 716 676 801 inposita,
693 737 765 802 quae
781 715 824 792 Q.
841 715 982 781 Maenius
1004 728 1124 799 praetor
1137 736 1178 779 ex
1193 726 1400 778 senatuscon-

333 800 418 865 sulto
432 803 464 865 in
480 819 517 867 ea
536 815 626 887 parte
643 802 754 879 ltaliae,
771 825 843 888 quae
865 802 988 888 objecta
1011 801 1141 888 Illyrico
1161 813 1219 875 est,
1235 799 1399 882 conscrip-

333 887 390 952 sit:
415 900 449 953 et
471 889 583 953 consul
607 888 766 954 Hostilius
788 890 852 974 Ap.
874 889 1045 954 Claudium
1075 888 1109 950 in
1134 886 1298 972 Illyricum
1322 906 1399 950 cum

333 986 470 1059 quatuor
489 974 630 1040 millibus
651 975 793 1060 peditum
818 975 912 1052 misit,
932 987 968 1040 ut
987 974 1114 1039 adcolas
1136 973 1256 1060 lllyrici
1279 972 1400 1038 ⁴³tuta-

332 1073 453 1126 rentur.
475 1061 541 1148 qui,
557 1083 622 1126 non
638 1076 804 1127 contentus
819 1063 866 1138 iis,
882 1083 960 1148 quas
974 1061 1166 1136 adduxerat,
1182 1060 1294 1145 copiis,
1305 1059 1400 1124 auxi·

296 1185 302 1197 ·
333 1146 377 1212 lia
391 1147 432 1212 ab
446 1148 542 1212 sociis
556 1148 771 1236 conrogando,
788 1149 828 1213 ad
849 1160 922 1213 octo
942 1147 1041 1212 millia
1061 1147 1226 1211 hominum
1241 1147 1329 1210 vario
1342 1168 1401 1232 ge·

331 1254 408 1306 nere
430 1235 580 1299 armavit:
611 1247 839 1323 peragrataque
862 1234 950 1299 omni
973 1257 1010 1300 ea
1034 1234 1175 1322 regione,
1194 1231 1236 1298 ad
1257 1231 1402 1319 Lychni-

332 1318 410 1386 dum
426 1321 684 1387 Dassaretiorum
699 1321 860 1388 consedit..

169 1411 217 1484 Ap·
230 1409 303 1459 cnu.
378 1406 424 1472 X.
441 1407 541 1472 Haud
550 1407 662 1494 procul
672 1407 746 1473 inde
756 1407 886 1474 Uscana
894 1407 1048 1493 oppidum
1059 1407 1170 1472 finium
1180 1405 1401 1491 “plerumque

169 1473 312 1588 {Imm
335 1492 444 1558 Persei
473 1507 554 1560 erat.
586 1494 695 1560 decem
725 1493 824 1560 millia
849 1495 966 1559 civium
991 1493 1140 1571 habebat,
1164 1505 1199 1559 et
1224 1491 1401 1568 modicum,

169 1608 215 1653 uus
226 1620 311 1654 casus
330 1579 486 1648 custodiae
511 1602 631 1656 caussa,
655 1579 855 1646 Cretensium
877 1580 1070 1665 praesidium.
1116 1579 1198 1644 Inde
1221 1578 1330 1643 nuncii
1355 1577 1400 1642 sd

334 1666 505 1732 Claudium
525 1667 642 1733 occulti
664 1667 852 1733 veniebant:
877 1669 914 1732 Si
929 1670 1061 1752 propius
1080 1669 1186 1750 copias
1207 1667 1402 1744 admouisset,

327 1764 461 1837 puratos
468 1754 557 1839 fore,
572 1757 627 1840 qui
642 1757 811 1838 proderent
832 1755 944 1820 urbem.
987 1757 1034 1818 Et
1055 1774 1156 1837 operm
1173 1754 1307 1838 pretium
1324 1774 1400 1830 esse,

331 1862 395 1906 non
405 1862 437 1905 se
450 1842 620 1926 amicosque
634 1851 761 1919 tantum,
776 1844 831 1906 sed
843 1842 936 1906 etiam
950 1843 1063 1906 milites
1071 1841 1185 1924 praedu
1198 1841 1401 1922 expleturum.

335 1928 415 2013 Spes
438 1926 604 2012 cupiditati
627 1929 757 1994 admota
776 1928 820 1992 ita
842 1926 1019 1992 obcaecasit
1043 1928 1197 2002 animum,
1219 1937 1254 1990 ut
1274 1946 1334 1990 nec
1359 1945 1402 1989 ex

331 2013 381 2092 iis,
408 2015 463 2098 qui
484 2025 666 2095 venerumt,
689 2036 880 2100 quemquam
900 2014 1065 2091 retineret3
1092 2034 1151 2076 nec
1171 2011 1306 2089 obsides,
1328 2011 1403 2097 pig-

333 2122 393 2164 nus
414 2099 537 2165 futuros
552 2100 639 2166 furto
658 2115 692 2166 et
711 2100 823 2164 fraude
841 2100 975 2185 agendae
996 2099 1053 2178 rei,
1069 2112 1230 2182 posceret3
1251 2119 1311 2164 nec
1325 2099 1403 2164 mit·

332 2198 413 2252 teret
435 2190 655 2274 exploratum3
682 2209 742 2252 nec
760 2186 857 2252 fidem
877 2187 1043 2274 acciperet.
1065 2185 1260 2251 distantum
1281 2195 1404 2262 statuta

332 2271 493 2360 profectus
516 2297 535 2338 a
554 2273 735 2361 Lychnido,
757 2272 924 2339 duodecim
948 2272 1046 2338 millia
1065 2273 1106 2338 ab
1128 2271 1217 2350 urbe,
1240 2270 1401 2357 adquam

333 2360 494 2438 tendebat,
515 2361 621 2447 posuit
644 2373 757 2426 castra.
809 2361 936 2437 Quarta
957 2359 1032 2426 inde
1050 2359 1159 2446 vigilia
1178 2359 1270 2447 signs
1289 2359 1404 2440 movit,

333 2448 420 2513 mille
435 2447 535 2512 ferme
557 2447 598 2512 ad
619 2446 804 2533 praesidium
826 2461 1002 2513 castrorum
1023 2446 1158 2512 relictis:
1185 2445 1400 2531 incompositi,

332 2533 432 2623 longo
460 2535 588 2622 agmine
613 2534 713 2613 effusi,
740 2534 963 2621 infrequentes,
987 2556 1085 2618 quum
1108 2544 1284 2599 nocturnus
1309 2553 1402 2597 error

333 2620 563 2706 dissiparet'ad
578 2621 689 2686 urbem
705 2636 928 2706 pervenerunt.
965 2621 1073 2685 Crevit
1087 2620 1180 2708 negle
1202 2620 1298 2700 entia,
1312 2638 1403 2703 post-

334 2729 429 2794 quam
444 2708 602 2772 neminem
623 2720 779 2772 armatum
802 2707 835 2771 in
851 2708 949 2772 muris
964 2707 1120 2772 viderunt.
1213 2719 1327 2783 terum,
1342 2705 1403 2772 ubi

333 2795 473 2878 primum
489 2794 547 2858 sub
562 2794 651 2880 jactu
665 2793 721 2858 teli
741 2793 880 2871 fuerunt,
895 2793 1018 2859 duabus
1040 2795 1132 2858 simul
1148 2793 1247 2878 portis
1261 2793 1404 2877 erumpi-

335 2893 405 2956 tur3
427 2880 514 2945 etad
529 2879 700 2944 clamorem
715 2880 948 2964 erumpentium
970 2881 1083 2967 ingens
1103 2880 1254 2965 strepitus
1268 2902 1286 2942 e
1299 2880 1403 2946 muris

335 2978 424 3033 ortus
449 2965 638 3031 ululantium
662 2966 830 3031 mulierum
851 2989 923 3032 cum
949 2968 1071 3053 crepitu
1092 2965 1232 3053 undique
1255 2965 1343 3030 aeris:
1368 2979 1403 3032 et

334 3051 499 3118 incondita
522 3052 703 3131 multitudo,
727 3057 822 3117 turba
846 3053 981 3118 inmixta
1008 3053 1123 3132 servili,
1147 3052 1251 3118 variis⁴
1269 3051 1403 3120 vocibus

335 3142 537 3226 personabat.
584 3139 650 3204 Hic
676 3154 741 3205 tarn
766 3139 933 3226 multiplex
959 3139 1106 3225 undique
1128 3139 1270 3225 objectus
1299 3151 1406 3206 terror

335 3225 450 3307 effecit,
471 3249 512 3291 ne
532 3226 685 3292 sustinere
704 3226 839 3311 primam
865 3226 1037 3312 procellam
1059 3226 1235 3312 eruptionis
1263 3227 1405 3291 Romani

335 3327 474 3400 possent.
520 3313 633 3400 ltaque
654 3312 808 3402 fugientes
828 3312 945 3398 plures,
969 3335 1064 3400 quarn
1090 3325 1280 3414 pugnantes,
1304 3313 1405 3378 inter·

335 3402 413 3466 emti
437 3413 527 3465 snnt:
557 3401 611 3464 vix
639 3399 704 3465 duo
731 3399 827 3465 millia
848 3399 1013 3464 hominum
1040 3421 1113 3464 cunr
1137 3421 1207 3485 rpso
1233 3399 1338 3487 legato
1367 3400 1404 3465 in

336 3501 439 3552 castra
453 3485 672 3574 perfugerant.
709 3485 787 3562 Quo
801 3486 855 3549 lon
880 3486 928 3550 'us
943 3486 1002 3551 iter
1016 3487 1049 3549 in
1065 3498 1167 3560 castra
1182 3498 1260 3566 erat,
1276 3509 1315 3552 eo
1328 3486 1405 3572 plu·

336 3596 387 3638 res
415 3573 511 3640 fessos
540 3572 743 3638 consectandi
772 3570 855 3637 hosti
880 3595 916 3637 us
945 3572 1038 3658 copia
1066 3572 1135 3637 tuit.
1180 3572 1232 3638 Ne
1262 3586 1406 3639 moratus

337 3661 465 3747 quidem
480 3661 513 3724 in
529 3659 636 3724 castris
652 3659 789 3744 Appius,
802 3670 839 3724 ut
861 3681 934 3724 suos
952 3659 1118 3744 dissipatos
1138 3657 1214 3746 fuga
1227 3659 1406 3760 colligeret,

339 3753 427 3834 (quae
452 3769 502 3812 res
524 3746 637 3832 palatis
659 3766 717 3829 per
746 3767 840 3833 egros
865 3744 959 3810 saluti
983 3744 1104 3828 luisset)
1130 3746 1171 3811 ad
1196 3745 1405 3833 Lycbmdum

337 3834 483 3921 protinus
494 3833 643 3920 reliquias
657 3831 755 3896 cladis
769 3832 907 3898 reduxit.

383 3920 447 3989 Xl.
475 3919 559 3990 Haec
573 3918 691 3997 stalis,
706 3917 794 3984 haud
813 3941 964 4005 prospere
983 3919 1014 3983 in
1036 3917 1228 3986 Macedonia
1242 3931 1344 4008 gesta,
1359 3943 1404 3986 ex

168 371 305 423 ilc-⁵⁸2·
331 377 400 432 tum
420 378 526 434 tamen
547 381 579 435 et
593 369 747 436 Gentium
766 368 948 457 Illyriorum
968 367 1076 456 regem
1095 365 1267 432 habebant.
1288 363 1397 515 itaque

276 3989 280 3999 '
340 4009 416 4074 Sex.
432 4007 558 4096 ntgmo
578 4003 709 4071 tribuno
727 4006 877 4085 mnrium,
890 4006 949 4095 ‘qur
971 4005 1117 4070 stennon
1133 4027 1243 4072 aas...
1266 4007 1405 4072 nomam

724 4150 857 4196 summram
867 4148 943 4197 Gran.
953 4147 1022 4195 crev.

372 4263 406 4312 ts
424 4264 580 4328 Paterentur]
603 4233 804 4328 Megiaplnceret
819 4271 857 4314 tu·
890 4266 978 4314 fluibus
990 4264 1139 4313 Macedonia
1149 4272 1175 4312 et
1187 4265 1279 4327 lllyrlci
1287 4263 1406 4324 ponam.

341 4333 449 4382 metare
467 4343 555 4390 nempe
565 4331 614 4391 Ap.
624 4330 748 4379 Claudius.
888 4332 962 4378 modo
972 4326 1056 4391 hujus,
1066 4332 1140 4378 modo
1156 4332 1222 4378 illius
1237 4329 1337 4377 ditionis
1352 4330 1408 4378 nse-

373 4392 592 4458 M'Plerumqael
621 4395 677 4444 Hoc
696 4397 814 4459 oppidum
831 4397 857 4444 in
888 4399 942 4455 rats
959 4396 1013 4456 sed,
1023 4395 1204 4457 utplurimum,
1215 4394 1391 4445 Macedonicas.
