3056 4976
22 860 25 905 ι

21 1047 24 1124 l

22 1222 25 1276 l

420 190 724 259 salmantinum
744 191 835 256 Tiri
858 191 974 258 t1vn.
1139 197 1247 262 exmia

143 358 287 442 tardior,-
314 378 375 427 rrec
397 379 459 428 suo
479 356 614 444 quisque
636 356 728 442 operi
749 354 864 427 artifex
887 355 1009 430 deerat·
1055 355 1248 432 Convocatis

142 443 261 510 deirrde
279 443 428 516 omniurn
448 444 644 533 populorum
665 441 891 530 legationibus,
912 441 1121 524 “summatim
1130 447 1248 528 pneris

139 532 216 598 belli
236 531 751 616 matemautensem
772 529 928 599 muitmum
948 551 1092 601 consensu
1112 542 1144 598 el
1164 535 1247 601 usili-

135 628 204 684 tum
218 619 343 718 astute,
363 640 443 720 quas
455 619 526 704 ipse
540 638 591 718 res
602 616 758 716 ¹⁷consilio
766 618 966 718 prouidisset,
979 639 1124 703 (qumque
1138 619 1247 719 iatop-

137 703 481 866 unrtnrtr
496 703 1104 889 insusurrantis
1116 704 1248 876 teian

139 879 200 943 ciae
223 876 391 954 interesset
412 899 485 962 suas
507 889 613 962 partas
635 897 813 960 supanores
838 897 918 943 essa.
962 875 1106 944 Dimisso
1131 879 1248 950 deinde

138 977 315 1044 conventu,
336 964 443 1050 jussis,
466 985 539 1050 quaa
568 961 742 1063 ¹⁸omnibus
766 964 974 1044 comunem,
993 963 1161 1052 ¹quibusque
1185 966 1247 1048 sibi

102 1145 106 1156 Ι
160 1061 264 1152 ossmt
284 1073 337 1124 res
353 1072 481 1121 seruam
501 1072 584 1132 suas,
602 1049 762 1197 principle
778 1048 860 1120 veris
883 1047 934 1120 M.
960 1045 1157 1136 Perpernam
1172 1075 1246 1123 cum

173 1137 292 1224 vrgiuti
302 1137 431 1210 milibus
441 1136 597 1223 peditum,
610 1134 708 1222 equiti
733 1156 769 1206 us
782 1134 870 1200 mille
884 1135 1067 1224 quingentis
1082 1137 1115 1207 in
1129 1137 1246 1207 ²⁰llur-

137 1244 280 1295 monum
302 1235 431 1310 gentem
453 1223 541 1296 mian
561 1223 601 1291 ad
623 1220 775 1291 tuendam
799 1221 939 1306 regionis
961 1224 1030 1308 ejus
1052 1224 1245 1297 maritimam

138 1331 250 1386 oramr
274 1309 357 1378 datis
371 1311 551 1396 preceptis,
562 1307 679 1394 quibus
692 1306 860 1378 itineribus
873 1306 1005 1377 duceret
1018 1309 1061 1382 ad
1072 1309 1245 1380 defenden-

138 1395 197 1460 das
212 1397 315 1460 socias
332 1397 437 1472 urbes,
453 1419 531 1482 quas
553 1395 578 1434 ²¹
589 1393 756 1479 Pompeius
771 1409 990 1482 oppugnaret,
1006 1397 1183 1483 quibusque
1197 1399 1245 1484 ipr

139 1504 212 1558 turn
228 1505 345 1569 agmen
359 1481 499 1568 Pompeii
516 1505 558 1546 ax
575 1481 698 1546 insidiis
713 1480 953 1566 adgrederetur.

184 1568 317 1638 Eounnt
334 1584 477 1654 tempore
499 1582 532 1635 et
548 1567 591 1632 ad
615 1567 882 1646 Herennuleium,
898 1571 952 1654 qui
975 1569 1008 1637 in
1030 1569 1144 1638 iisdem
1167 1570 1248 1642 locis

139 1669 221 1733 erat,
237 1654 359 1720 litteras
377 1657 472 1733 misit,
488 1667 521 1720 ct
534 1655 597 1717 ²'in
613 1653 744 1719 alteram
761 1653 958 1738 provinciam
979 1655 1019 1720 ad
1034 1655 1105 1720 ²³L.
1119 1656 1245 1723 Hertu-

136 1741 250 1819 icium,
262 1742 464 1828 praecipiens,
477 1739 748 1827 quemadmodum
763 1739 882 1804 bellum
894 1741 1116 1807 administrare
1130 1743 1242 1830 velletr

136 1840 212 1898 ante
234 1829 344 1900 omnia
368 1841 404 1893 ut
423 1828 470 1892 ita
490 1828 590 1892 socias
608 1826 751 1893 civitates
766 1838 921 1904 tueretur,
937 1849 978 1891 ne
996 1829 1063 1892 acie
1077 1848 1151 1892 cum
1170 1829 1243 1895 Me·

136 1913 213 1980 tello
229 1913 407 1992 dimicaret,
423 1914 475 1982 cui
492 1906 596 1999 n'eque
611 1911 801 1980 auctoritate
817 1934 920 1999 neque
936 1913 1054 1980 viribus
1070 1929 1242 2001 parasset:

135 2023 179 2064 ne
194 2003 263 2084 ipse
278 2001 407 2086 quidem
422 2000 590 2066 consilium
606 1998 633 2037 ²⁴
643 1998 754 2062 inierat
767 2001 919 2065 adversus
934 2022 1000 2064 eum
1020 2001 1122 2078 mutii
1138 2022 1244 2090 neque

136 2087 171 2148 in
180 2089 422 2170 praesentiarum
428 2090 624 2151 incursurum
632 2091 714 2154 euni
714 2084 874 2164 credebat,
881 2086 908 2150 si
917 2086 1098 2152 traheretur
1106 2087 1242 2160 bellurnr

133 2171 233 2250 hosti,
250 2195 323 2236 cum
337 2195 425 2238 mare
435 2171 476 2238 ab
488 2185 580 2260 tergo
587 2171 836 2257 provinciasque
845 2194 958 2239 omncs
969 2173 1002 2236 in
1013 2187 1171 2257 potestate
1185 2173 1243 2242 ha-

134 2259 236 2336 beret,
251 2259 387 2324 naaibus
400 2259 541 2345 undique
553 2267 749 2324 commeatus
763 2272 935 2322 venturos:
956 2259 1016 2348 ipsi
1031 2271 1150 2335 autem,
1166 2281 1243 2325 oon·

134 2346 273 2430 sumptis
287 2345 396 2432 priore
410 2359 532 2426 aestale,
543 2367 615 2432 quae
631 2355 813 2428 praeparata
821 2343 965 2420 luissent,
978 2344 1121 2408 omnium
1136 2365 1242 2410 rerum

133 2431 279 2518 inopiam
294 2431 381 2498 iore:
409 2433 600 2519 Perpernam
617 2430 651 2494 in
668 2429 858 2496 maritimam
875 2430 1038 2518 regionem
1049 2429 1243 2518 ²⁵superuen-

132 2620 196 2666 lette
218 2621 263 2682 qui
281 2616 422 2682 conjiciant,
443 2621 471 2665 ln
487 2617 529 2665 hoe
548 2617 673 2664 ervisium
703 2613 772 2662 lullo
783 2615 883 2674 cmsari,
895 2614 922 2663 de
938 2615 1007 2668 Balio
1016 2616 1092 2676 ciuili,
1106 2618 1126 2664 l.
1145 2615 1184 2665 oli.
1205 2617 1243 2667 dt·

132 2683 234 2732 maur.
260 2683 605 2744 Atdisplicetraralts'umlroc
617 2693 671 2728 sea·
704 2686 793 2727 cuntur
814 2681 1026 2742 Illurgavonenses.
1058 2683 1190 2736 Ptolemaeo
1207 2683 1244 2736 ll.

131 2756 386 2808 suuaurpatam,nec
397 2747 530 2794 Liuianum
541 2752 585 2794 est.
703 2743 727 2790 θ.
743 2743 885 2814 'langurium
1239 2763 1241 2768 ¹

166 2812 198 2859 16
215 2812 363 2860 Summats'm
378 2813 467 2874 prioris
487 2810 672 2860 selu....mtlt·
738 2808 767 2856 tl
793 2809 926 2872 Pompeius.
969 2811 998 2857 ln
1019 2814 1101 2860 codice
1123 2812 1242 2859 Vaticano

132 2879 185 2922 lum
201 2877 298 2925 uirtute
335 2877 397 2924 lirae
408 2877 557 2924 conveniunt
573 2875 603 2921 iis
616 2888 672 2935 quae
705 2874 817 2924 librarius
837 2875 933 2934 scripsit
944 2875 1073 2938 Pompeius,
1082 2875 1192 2938 Poupeli,
1203 2879 1242 2923 ia-

132 2943 291 2997 anmcedunr,
309 2949 334 2988 et
348 2943 412 3000 loco,
428 2942 471 3001 qui
487 2942 512 2987 in
525 2941 608 2988 codice
624 2937 673 2999 legi
699 2937 826 2998 ploratum.
869 2940 936 2988 Vitia
957 2947 1015 2988 snut
1038 2941 1242 3001 pronuntiationis

134 3017 183 3050 non
195 3009 289 3065 potest.
455 3021 457 3026 ¹
705 3008 730 3048 et
740 3004 877 3064 scripturae,
888 3019 942 3066 qua
956 3019 987 3053 ex
998 3007 1107 3056 nummis
1118 3013 1143 3053 ct
1154 3005 1241 3068 lapidi·

157 3067 189 3115 l'l
204 3069 465 3132 emetupruiluut.
499 3069 670 3132 Haecquoque
703 3067 748 3112 bus
759 3069 878 3130 corrigere
889 3081 994 3128 pronum
1005 3077 1052 3122 eat.

133 3133 191 3178 satis
201 3134 344 3183 indicantur
353 3148 436 3184 rerum
446 3135 517 3190 serie.
735 3131 810 3184 2212·
826 3131 925 3180 alteram
939 3135 1096 3198 prouinciam.
1131 3135 1161 3182 ln
1182 3135 1241 3185 His·

163 3196 198 3245 ru
222 3196 337 3249 Quum
365 3199 524 3254 malumus,
546 3197 670 3259 quibusque
702 3197 800 3254 puniam
815 3198 972 3244 ulteriorem
991 3199 1134 3262 videturque
1148 3201 1241 3248 llertu-

132 3261 177 3308 alli
194 3267 291 3322 parserat
307 3277 344 3310 m
363 3277 463 3311 servare.
496 3259 672 3313 Antecedentia
704 3260 766 3314 laius
776 3262 851 3308 luisse
862 3262 887 3307 in
899 3261 1034 3310 Lusitaniae
1045 3264 1240 3314 flnibualel'or·

26 3338 27 3366 1
132 3326 271 3386 ararique
281 3328 361 3380 litere
369 3327 422 3376 lama
433 3328 572 3390 indigitant.
704 3326 779 3386 trigel,
802 3340 855 3388 quae
879 3339 934 3386 pars
955 3333 1007 3378 erat
1030 3327 1157 3390 Hispania
1178 3331 1241 3378 ulte-

167 3390 198 3437 19
226 3391 444 3454 regressurum.
477 3391 545 3440 Libri
564 3398 670 3450 veteres,
704 3389 782 3438 tiaris.

132 3454 671 3520 inscriptiones,utethiccodexVaticanus
737 3453 769 3502 23
790 3455 819 3504 t.
839 3455 998 3504 Hertuler'um.
1033 3457 1164 3518 Perperain
1180 3453 1258 3518 Epi-⁴

131 3519 196 3566 tivit
211 3533 278 3580 saepe
290 3523 382 3568 habent
398 3521 500 3578 millius,
514 3521 590 3568 mllio.
624 3520 670 3567 Sed
704 3525 769 3565 loma
780 3519 883 3568 Liviana
894 3522 949 3568 libr.
960 3521 1031 3568 XCI.
1048 3523 1131 3580 habet,
1144 3522 1240 3570 Hercu·

132 3589 156 3630 ct
166 3585 219 3644 ipae
231 3598 329 3646 quoque
339 3599 399 3632 mox
409 3587 484 3634 habet
494 3585 565 3634 mille.
702 3584 777 3638 laius,-
802 3584 949 3644 Fragmenta
965 3585 1082 3640 Saliustii,
1094 3585 1240 3634 Hirtuleius.

160 3647 194 3696 20
204 3648 367 3698 Ilurcaonum
384 3650 524 3698 llurcsones
537 3663 606 3697 oram
617 3663 670 3696 ma·
702 3647 795 3694 Ventrn
807 3663 896 3696 nornen
911 3650 992 3710 prodit
1003 3649 1188 3708 antiquissimus
1200 3652 1240 3698 hic

130 3714 239 3762 ritimam
255 3717 288 3762 ad
303 3711 489 3762 umbraminis
506 3715 602 3769 Hiberi,
619 3713 670 3760 l’E·
703 3714 766 3760 nivii
787 3715 873 3772 codem
895 3720 924 3760 ut
944 3720 1010 3760 recte
1036 3713 1173 3765 observavit
1200 3716 1239 3765 cl.

131 3778 178 3836 lro,
194 3779 355 3826 habitabantr
383 3793 449 3826 nunc
466 3781 488 3825 lu
504 3779 584 3841 partie
598 3775 671 3826 nuri·
704 3777 793 3826 Br'uns.

130 3842 257 3890 sonando
272 3843 296 3890 lo
313 3843 442 3904 Calalugue
455 3848 478 3892 et
492 3844 515 3890 lu
526 3843 607 3906 partia
621 3855 672 3902 sep·
736 3842 769 3890 et
787 3844 880 3892 inierat
892 3841 1002 3890 mausus
1012 3856 1065 3890 eum
1075 3843 1157 3906 muli,
1168 3857 1240 3906 neque

131 3908 267 3955 leotricnala
294 3908 327 3954 du
355 3907 476 3968 lloyuumc
502 3907 530 3956 dc
564 3906 667 3954 Valente.
700 3909 726 3956 iu
741 3910 922 3970 presentiarum
934 3910 1092 3956 incensurum.
1125 3909 1239 3962 Quaesu-

131 3971 199 4018 Fmtc
226 3972 318 4020 melius
343 3973 488 4020 scriberetur
511 3969 667 4020 llercuouum.
699 3971 1239 4036 perantinllls.codiceiocusqueessugge·

132 4035 184 4096 ime
195 4035 282 4084 Livius
292 4035 385 4083 xxii.
393 4035 433 4084 sl.
442 4037 505 4083 dixit
511 4035 669 4097 rnagroller-
704 4043 771 4083 runt.

131 4103 274 4149 malum
281 4117 292 4157 ,¹
310 4104 336 4147 et
347 4101 399 4159 ipse
410 4113 469 4146 mox
480 4101 544 4148 inira
555 4101 580 4150 in
592 4101 667 4162 Frag·
742 4099 774 4147 25
792 4099 1001 4161 Superventurum.
1034 4103 1092 4150 lam
1103 4114 1160 4163 pars
1171 4103 1239 4148 verbi

132 4170 210 4210 meato
220 4166 523 4219 memoratilereaoniam.
546 4167 575 4212 ln
588 4165 668 4214 Plinio
700 4165 842 4214 occurritis
856 4166 909 4212 MS.
927 4167 1017 4212 codice.
1052 4166 1238 4228 idquoquain·

133 4229 312 4292 lli-alegitur
320 4229 559 4290 reglollerguouum.
587 4230 668 4277 Multa
701 4231 764 4284 nuit,
783 4231 847 4290 quod
865 4243 924 4278 mox
943 4232 1062 4294 sequitur,
1082 4234 1236 4280 incautos...

130 4300 161 4339 eal
170 4299 235 4356 apud
246 4297 366 4354 antiquos
377 4295 507 4352 scriptores
522 4295 549 4340 in
561 4295 667 4341 scriben-
698 4294 874 4356 adgressurum.

129 4359 162 4407 dis
182 4362 330 4410 nominibus
352 4359 465 4405 varietas.
498 4359 576 4406 iidem
599 4361 667 4405 enim
