3116 4986
343 200 402 262 204
755 203 994 265 EPITOMAE
1103 201 1109 212 ’

343 367 434 442 touii,
444 368 560 448 passim
584 369 618 430 in
639 369 748 432 rustris
760 371 823 434 suis
844 371 1002 447 tmeidati,
1018 371 1092 454 quia
1106 377 1136 432 et
1156 370 1286 452 suspecti
1301 377 1406 445 mant,

343 453 388 515 ad
408 453 555 518 Casuram
577 453 771 519 desciuerunt.
815 455 859 521 D.
876 457 1001 532 Brutus,
1018 465 1051 520 ut
1067 457 1187 538 petasii
1209 455 1406 538 Cisalpinam

346 539 483 603 Galliam
497 537 635 602 Antonia
654 539 819 620 obsisteret,
833 541 991 606 Mutinam
1006 562 1070 606 cum
1087 543 1219 606 caercitu
1234 540 1405 623 ocmpauit.

343 625 503 688 Praeterea
521 625 670 689 discursus
690 628 969 710 utriusquepartis
990 629 1120 692 mironem
1143 629 1187 690 ad
1207 626 1406 710 accipiendas

338 710 527 793 prouincias,
542 712 770 795 adparatusque
783 713 857 776 belli
868 715 1011 777 continet.

734 1063 739 1080 ,
766 1002 967 1086 CXVIII.

383 1197 434 1261 M.
453 1197 567 1262 Brutus
580 1201 613 1261 in
631 1196 768 1274 Gracia,
783 1198 837 1261 sub
852 1208 1007 1280 prateutu
1027 1199 1203 1280 reipublice
1220 1207 1250 1262 et
1269 1199 1403 1280 suscepti

340 1293 444 1346 contra
467 1283 517 1347 M.
530 1281 697 1348 Antonium
719 1283 800 1360 belli,
821 1285 990 1360 exercitum,
1010 1286 1060 1348 cui
1085 1285 1228 1349 Vatinius
1249 1293 1400 1365 praerat,

340 1391 405 1433 cum
409 1371 575 1451 prouincia
585 1371 618 1432 in
624 1378 805 1451 potestatem
816 1389 900 1432 suan
911 1372 1038 1454 redegit.
1063 1369 1403 1454 C.Casori‚²quipri-

340 1475 404 1520 mus
416 1455 592 1538 reipublice
602 1477 690 1518 arma
701 1465 855 1530 sumserat,
867 1453 1084 1538 iproprotoris
1095 1457 1250 1538 imperinm
1261 1477 1280 1519 o
1291 1465 1404 1520 senatu

339 1543 443 1604 mium
473 1549 517 1604 est
550 1563 614 1604 cum
642 1541 848 1605 consularibus
881 1544 1065 1605 ornamentis
1071 1565 1084 1618 ,·
1120 1541 1333 1626 adjectumque,
1363 1551 1400 1604 ut

339 1635 462 1689 senator
490 1635 574 1691 esset.
631 1628 679 1691 M.
698 1629 848 1692 Antonius
877 1628 922 1691 D.
940 1629 1071 1690 Brutum
1104 1629 1239 1692 Mutina
1273 1625 1403 1690 obsedit.

331 1711 479 1795 missique
491 1714 537 1775 ad
547 1734 612 1777 eum
627 1735 647 1776 o
657 1723 763 1778 senatu
776 1715 874 1796 legati
887 1715 925 1778 de
932 1735 1012 1795 paee
1020 1735 1133 1795 parum
1144 1715 1188 1777 ad
1201 1735 1267 1776 sam
1280 1733 1402 1794 compo-

337 1799 468 1860 nendam
483 1800 651 1864 noluerunt.
689 1799 826 1880 Papum
841 1799 996 1862 Romanus
1009 1821 1085 1882 saga
1099 1801 1212 1864 sumsit.
1250 1797 1403 1862 Melinu-

338 1894 386 1948 tus
406 1885 444 1948 in
466 1886 569 1981 Epiro
587 1887 622 1951 C.
636 1885 802 1952 Antonium
824 1893 984 1970 praetorem
1010 1907 1073 1949 cum
1088 1887 1229 1953 'eeeroitu
1247 1885 1404 1970 potestati

338 1991 397 2034 sun
410 1969 544 2054 suberit.
608 2041 616 2054 .

790 2197 944 2282 CXIX.
1000 2197 1002 2200 ’

380 2394 415 2458 C.
430 2394 596 2458 trebonius
607 2395 641 2458 in
650 2392 855 2477 Asiosraude
868 2397 909 2460 P.
920 2393 1093 2460 Dolabella
1102 2393 1214 2458 oscines
1223 2401 1278 2457 est.
1303 2392 1350 2458 Ob
1361 2395 1400 2458 id

308 2557 311 2562 Ι
321 2480 454 2563 focinus
470 2480 636 2544 Dolabella
651 2481 742 2544 bostis
756 2503 777 2543 a
791 2491 896 2545 senatu
899 2479 1060 2565 judicatus
1074 2489 1129 2544 est.
1174 2477 1273 2554 Quum
1286 2479 1398 2542 Pausa

333 2568 437 2630 consul
455 2566 536 2629 male
555 2568 699 2631 aduersus
713 2565 881 2630 Antonium
901 2576 1078 2651 pugnasset,
1094 2564 1134 2630 A.
1151 2565 1279 2629 Hirtius
1292 2566 1399 2627 consid

333 2673 398 2714 cum
419 2654 553 2714 caercitu
572 2652 885 2736 mperuntiens,fusis
901 2653 950 2716 M.
968 2651 1222 2733 Antoniicopiis,
1228 2651 1397 2734 fortunam

331 2738 602 2822 utriusquepartis
614 2740 758 2822 aquauit.
806 2739 909 2804 Victus
923 2739 1034 2801 deinde
1046 2737 1086 2799 ab
1101 2738 1213 2802 Hirtio
1227 2746 1258 2800 et
1273 2737 1399 2800 Casare

331 2820 486 2886 Antonius
500 2823 535 2884 in
548 2816 688 2886 Galliam
703 2823 851 2908 auffugit,
863 2833 893 2887 et
909 2823 956 2886 Μ.
970 2823 1121 2905 Lepidum
1137 2843 1201 2885 mm
1215 2821 1395 2905 legionibus,

351 2926 399 2970 ua
411 2907 465 2972 sub
480 2909 547 2988 ipso
560 2917 660 2985 mont,
675 2908 736 2972 sibi
744 2907 872 2991 juncit:
895 2910 1046 2992 hostisque
1059 2930 1080 2970 a
1094 2917 1201 2972 senatu
1215 2929 1279 2972 cun
1294 2910 1392 2972 omni·

368 3013 392 3067 s,
409 2994 464 3078 qui
474 2995 560 3057 intra
569 2995 722 3076 prasidio
736 2993 800 3076 ejus
813 3004 919 3073 assent,
923 2993 1085 3077 judicatus
1098 3004 1153 3058 est.
1197 2997 1236 3059 A.
1248 2993 1392 3070 Hirtius,

328 3080 383 3163 qui
400 3089 475 3162 post
499 3081 658 3143 uictoriam
683 3081 717 3143 in
740 3082 816 3162 ipsis
839 3081 967 3144 bostium
992 3082 1103 3144 costris
1123 3081 1283 3156 ceciderat,
1306 3089 1336 3143 et
1356 3081 1393 3144 0.

326 3166 447 3241 Pansa,
459 3189 476 3230 e
489 3167 622 3241 uulnere,
635 3167 717 3250 quod
730 3169 764 3229 in
779 3167 906 3230 adverso
913 3167 1029 3248 proelio
1043 3175 1211 3248 exceperat,
1221 3167 1391 3247 defunctus,

327 3254 362 3315 in
387 3273 494 3335 campo
520 3251 644 3315 Martio
667 3253 779 3336 sepulti
802 3262 881 3315 sent.
925 3253 1079 3316 Adversus
1106 3253 1139 3316 C.
1158 3253 1318 3326 Censorem,
1336 3252 1393 3334 qui

326 3339 407 3402 solus
428 3359 445 3400 e
464 3337 562 3402 tribus
575 3338 698 3402 ducibus
718 3347 887 3421 supererat,
897 3359 1011 3422 parum
1029 3347 1139 3422 gratus
1159 3347 1282 3418 senatus
1294 3338 1390 3421 fuit.-

326 3425 391 3507 qui,
407 3426 454 3489 D.
467 3425 575 3499 Bruto,
592 3423 747 3488 obsidione
762 3423 935 3488 Mutinensi
948 3445 969 3486 o
985 3425 1107 3488 Caesare
1120 3423 1261 3500 liberata,
1276 3423 1392 3486 bonore

325 3511 477 3592 triumpbi
505 3513 633 3583 decreto,
662 3511 795 3574 Censoris
817 3509 1011 3594 'militumque
1035 3507 1098 3594 ejus
1122 3511 1303 3574 mentionem
1328 3529 1391 3573 non

325 3599 403 3660 satis
420 3605 546 3680 gratam
567 3595 691 3659 babuit.-
713 3596 750 3658 ab
775 3615 843 3678 qua
859 3596 893 3660 G
910 3596 1026 3672 Casae,
1041 3597 1242 3660 reconciliata
1261 3615 1323 3676 per
1336 3594 1389 3657 M.

327 3682 477 3764 Lepidum
491 3703 555 3745 cnm
571 3680 621 3743 M.
637 3682 774 3746 Antonio
785 3684 906 3765 gratia,
922 3675 1052 3746 Romam
1068 3702 1132 3744 cum
1146 3683 1281 3745 enercitu
1294 3682 1389 3756 venit,

323 3857 377 3902 stus
386 3855 412 3902 ob
422 3856 537 3903 sevitiam
548 3854 588 3901 M.
597 3856 706 3909 Antonit,
714 3856 802 3915 passim
813 3857 840 3902 in
871 3857 971 3916 cepisse,
980 3855 1084 3918 priuatis
1094 3855 1169 3902 umis
1179 3854 1314 3902 defendisse
1324 3852 1390 3902 reh-

324 3923 407 3968 caetrie
434 3921 482 3967 suis
509 3919 650 3966 trucidantis
676 3922 717 3980 qui
741 3922 841 3980 norperti
871 3919 1002 3979 publicam.

324 3993 401 4043 aaut,
412 3985 443 4032 ad
454 3985 568 4036 Censorem
579 3985 727 4032 desciverunt.
905 3985 923 4032 8
938 3985 1096 4046 Proproetoric
1110 3983 1247 4047 imperiumn]
1265 3983 1327 4029 Hoec
1337 3994 1391 4028 cer-

357 4047 750 4110 iQutprimusrctpublnoeamn
760 4061 839 4110 sump·
871 4049 965 4095 tissima
987 4054 1023 4095 est
1043 4048 1135 4108 SIgonii
1154 4043 1299 4109 conjecturs.
1332 4045 1389 4095 vid.

323 4114 396 4178 scrut]
414 4113 480 4175 Lege
495 4127 552 4159 cum
568 4113 688 4161 GronovIo
704 4115 745 4173 qut
758 4115 839 4173 privo·
871 4115 942 4167 tates.
955 4129 976 4160 c.
989 4111 1028 4161 10.
1038 4111 1126 4167 Antea,
1134 4125 1179 4173 pro
1187 4111 1271 4173 populo
1281 4111 1390 4158 Romana

323 4186 361 4226 tus
387 4193 433 4240 pro
464 4178 581 4238 republica
607 4191 673 4225 arnna
702 4182 837 4238 sumpserat.
870 4179 1001 4238 imperium.
1034 4177 1170 4230 Nimirum,
1182 4183 1210 4223 ut
1220 4189 1285 4236 περι
1295 4177 1390 4222 lactum

323 4244 416 4291 Passim
432 4255 447 4288 s
463 4242 585 4300 Cicerone,
597 4241 701 4300 Velleio,
711 4243 805 4300 Tacito,
816 4251 841 4288 et
873 4249 919 4300 est,
929 4242 1016 4288 listerus
1031 4241 1089 4288 Pte.
1104 4242 1236 4288 scribarum
1253 4240 1391 4300 ignoranti·

322 4308 407 4353 ceteris
427 4306 590 4364 scriptoribus,
609 4307 654 4351 hoc
670 4308 753 4353 sedulo
772 4314 840 4352 nota·
873 4307 912 4352 vel
923 4306 1015 4354 incuria
1023 4306 1135 4353 abierunt
1143 4305 1168 4352 tn
1177 4307 1221 4352 hus
1230 4317 1298 4351 voces
1304 4303 1395 4364 popula

323 4379 372 4425 tur,
392 4369 520 4416 Octuvtum
539 4371 632 4429 privato
653 4371 753 4417 consilio
775 4380 842 4418 arma
873 4371 985 4420 Rornano.
