3120 4984
321 179 360 240 93
525 177 527 182 ¹
712 161 1048 226 r1r1u1vrr

162 353 229 404 mc.
241 351 297 406 tal.
320 335 566 402 aestimationem
587 331 789 421 magistratus
804 331 968 396 hmanas
990 329 1142 409 haberem
1164 347 1243 394 neve
1261 335 1391 416 cogeret

161 419 229 472 M·
242 418 296 466 1⁷1.
321 423 484 488 vicesimas
502 419 643 485 rendere,
660 418 835 505 Hispanos,
849 417 960 504 quanti
978 417 1047 504 ipss
1061 416 1171 493 vellem
1199 430 1231 480 at
1244 435 1286 480 ne
1307 429 1392 500 prae·

169 513 174 527 '
321 509 395 574 fecti
410 510 443 572 in
459 506 578 594 oppida
592 527 650 588 sua
662 506 703 570 ad
718 506 868 590 pecunias
883 507 1041 608 cogendas
1056 501 1089 568 in
1115 515 1299 568 oneremur.

327 653 329 660 ,
366 596 430 660 111.
454 595 497 659 Et
518 593 580 659 slis
602 589 679 656 noui
697 592 820 680 generis
842 592 1008 656 hommum
1031 611 1071 656 ex
1130 589 1253 674 ispania
1274 585 1409 676 legatio·

321 682 418 748 uenit.
441 704 480 746 ex
494 673 650 745 militibus
666 678 822 744 Romanis
836 691 869 743 et
883 701 924 744 ex
943 678 1096 762 Hispanis
1110 675 1305 754 mulieribus,
1319 695 1395 738 oum

323 769 440 857 quibus
461 766 656 842 connubium
679 787 745 830 noa
766 778 856 844 esset,
880 777 971 832 natos
997 787 1030 830 se
1052 776 1273 842 memorantes,
1297 781 1395 848 supra

324 868 462 941 quatuor
479 854 583 918 millia
605 853 781 928 hominum,
797 855 942 930 orabant,
959 865 994 916 ut
1016 847 1075 915 sibi
1090 849 1257 936 oppidum,
1271 849 1307 913 in
1329 868 1396 934 quo

323 943 516 1018 habitarent,
531 940 672 1005 daretur.
718 941 852 1005 Senatus
866 938 1014 1014 decrevit,
1030 939 1077 1002 uti
1091 939 1216 1002 aomina
1229 957 1288 1001 suo
1311 935 1397 1017 apud

249 1105 253 1114 Ι
325 1031 365 1094 1.
384 1029 558 1094 Canuleium
578 1026 804 1110 prefiteamur:
827 1026 1010 1113 9eommqaa
1029 1025 1056 1088 ai
1072 1045 1145 1108 quos
1165 1023 1396 1098 mammiriesat,

163 1137 259 1186 canera
269 1150 309 1184 eo-
325 1139 373 1182 eos
391 1116 544 1180 Carteiam
558 1117 600 1178 ad
613 1135 754 1178 oceanum
770 1113 878 1176 deduci
890 1113 1019 1194 placere.
1063 1109 1089 1150 ¹⁰
1101 1109 1163 1186 Qut
1180 1109 1397 1174 Carteiensium

162 1203 234 1250 ¹⁰⁰¹*
325 1203 405 1266 domi
426 1223 547 1266 mouere
567 1201 689 1278 ualeat,
708 1209 890 1282 potestatem
902 1197 985 1280 sora,
1009 1199 1199 1262 annumero
1222 1197 1397 1260 colonorum

327 1299 432 1365 esseut,
446 1309 524 1374 agro
540 1287 711 1372 adsignata.
756 1284 780 1322 ¹¹
787 1286 931 1350 latum
946 1306 1014 1349 eom
1028 1284 1179 1350 coloniam
1183 1280 1294 1364 sitisse,
1312 1282 1400 1344 liber·

164 1397 270 1444 Gulussa
281 1399 306 1440 et
329 1377 514 1460 litorumque
528 1375 687 1456 adpellari.
726 1371 849 1436 Eodem
865 1385 1008 1456 tempore
1022 1391 1065 1436 ex
1081 1368 1191 1434 Africa
1205 1387 1237 1433 et
1249 1367 1399 1444 Gulussa,

163 1461 236 1538 regau
249 1459 311 1536 ἔω·
330 1462 508 1527 Masinissae
530 1461 613 1544 regis
627 1460 720 1537 filius,
736 1459 858 1546 legatus
872 1459 981 1544 patris,
997 1473 1029 1522 et
1041 1455 1328 1542 *Karthaginienses
1344 1475 1398 1516 ve*

162 1527 309 1638 mm
329 1560 456 1614 uerunt.
490 1547 630 1613 Gulussa
645 1548 734 1632 prior
744 1549 776 1609 in
788 1560 930 1610 senatum
943 1543 1152 1620 introductus,
1162 1554 1204 1620 et,
1218 1565 1292 1628 quaa
1302 1541 1399 1604 missa

328 1648 419 1702 erant
435 1634 475 1699 ad
491 1624 608 1698 bellam
635 1631 880 1698 Macedonicum
896 1645 1020 1716 epatre
1034 1653 1101 1708 suo,
1117 1629 1284 1714 exposuit3
1310 1641 1353 1705 et,
1370 1627 1399 1690 si

328 1745 392 1808 qua
405 1734 561 1807 praeterea
576 1720 691 1786 vellent
703 1720 872 1804 imperare,
889 1731 1112 1804 prestaturum
1128 1715 1277 1780 1²merito
1285 1713 1398 1799 populi

330 1809 472 1872 Romani
493 1822 539 1872 est
561 1808 739 1893 pollicitus:
773 1820 805 1872 at
819 1807 943 1870 monuit
966 1806 1077 1870 Patres
1098 1803 1308 1887 conscriptos,
1324 1812 1360 1864 ut
1382 1823 1404 1864 a

327 1895 439 1960 fraude
455 1893 775 1982 Karthaginiensium
791 1905 947 1958 caverent.
971 1893 1077 1956 classis
1090 1910 1139 1956 aas
1152 1908 1275 1976 mogaae
1284 1907 1404 1971 porose-

329 1985 378 2046 ‹1ae
398 1983 553 2048 nomiliam
566 1983 699 2064 nepissa-
723 1981 820 2063 speria
836 2001 895 2062 pro
909 1979 1072 2055 Bormonis,
1088 1989 1118 2041 at
1133 1981 1275 2041 adseram
1290 1975 1403 2038 Moca-

328 2072 443 2133 donus:
465 2069 517 2132 att
528 2091 569 2132 aa.
576 2077 693 2154 parata
700 2068 904 2152 matronisque
912 2077 996 2144 esset,
1009 2067 1140 2148 ipsemet
1146 2062 1220 2144 fora
1227 2062 1403 2145 potestatis,

329 2177 418 2241 quem
432 2156 547 2220 hostem
562 2155 741 2220 uatsociam
756 2153 895 2218 lateam.
950 2188 952 2192 ι
1324 2185 1326 2193 ·
1400 2187 1403 2196 ·

721 2283 738 2317 i
856 2281 874 2316 fi
992 2281 1009 2316 Ι

168 2377 306 2428 maest.
374 2361 433 2427 IV.
457 2361 644 2442 lllltantum
667 2349 817 2464 pauorem
839 2359 977 2448 ingressi
998 2373 1111 2438 castra,
1132 2366 1327 2436 ostentantes
1349 2355 1406 2428 aa?

166 2444 199 2495 Λ·
210 2447 238 2493 ⁰·
251 2443 305 2493 ¹⁷⁰·
330 2450 409 2534 pita,
424 2447 575 2529 fecerunt,
595 2464 642 2534 ut,
658 2473 684 2514 sa
705 2447 852 2514 admotus
866 2445 1205 2532 extemplo'exercitus
1219 2439 1312 2521 foret,
1329 2443 1403 2530 capi

329 2549 432 2604 castre
453 2540 628 2622 potuerint.
672 2535 760 2601 Turn
786 2557 914 2621 quoque
935 2532 1012 2628 suga
1030 2535 1143 2621 ingens
1168 2531 1249 2604 fecta
1276 2545 1340 2596 est:
1371 2541 1404 2594 et

329 2747 425 2808 licebat.
459 2745 568 2804 {ligitur
578 2757 623 2806 pro
633 2745 758 2802 frumento
775 2757 848 2810 pesa·
914 2746 929 2791 9
945 2744 1082 2808 Eorumque
1103 2745 1198 2806 ripam
1216 2735 1408 2804 mammaea

331 2811 399 2856 niem
413 2809 460 2856 sibi
475 2809 598 2856 numerari
611 2805 740 2870 jubebant,
756 2808 850 2870 praeda-
882 2805 920 2857 iix
936 2810 975 2858 his
991 2811 1081 2866 verbis,
1093 2817 1120 2856 et
1129 2807 1290 2870 appellatione
1300 2803 1404 2864 coloniae

331 2874 770 2942 banturqueineoquodfrumentum
778 2887 850 2934 gran·
882 2873 956 2934 infra,
974 2876 1015 2922 cui
1031 2887 1121 2922 nomen
1137 2873 1282 2934 imponitur,
1298 2870 1405 2916 Liberti-

331 2939 357 2986 di
373 2939 451 2997 pretio
462 2938 620 2990 maritumam.
654 2938 724 2986 Unde
737 2940 852 2988 videntur
883 2952 969 2986 reorum
979 2939 1171 2997 comministri
1182 2938 1409 2984 debathesservos

331 3003 371 3050 hie
385 3003 489 3062 Hispani
499 3003 676 3064 impetravisse,
685 3009 713 3050 ut
723 3004 852 3064 magistra·
883 3005 967 3061 missa,
986 3019 1015 3057 aa
1036 3005 1137 3069 proisrde
1159 3009 1230 3050 natos
1249 3015 1279 3048 ex
1301 3000 1412 3063 masiliis.⁴

331 3074 372 3114 tus
379 3067 485 3114 Romani
494 3067 647 3114 frumentum
655 3069 737 3128 ipsura
744 3063 852 3128 accipere
884 3065 933 3123 Qui
945 3071 1011 3117 enim
1023 3084 1072 3116 non
1083 3084 1114 3116 ex
1125 3068 1235 3130 legitimo
1246 3062 1407 3112 matrimonio

331 3137 485 3193 cogerentur,
505 3145 555 3178 non
570 3133 690 3180 stramenti
711 3133 853 3180 estimatio·
885 3135 1003 3192 nascitur,
1014 3139 1121 3183 matrem
1132 3133 1241 3192 sequitur
1252 3143 1283 3176 ex
1293 3139 1408 3176 commu·

331 3211 399 3255 nepa,
411 3197 437 3243 ld
453 3204 498 3252 est,
510 3209 556 3258 pro
564 3197 690 3246 frumento
705 3199 849 3258 pamniam
885 3201 911 3246 ni
927 3200 1040 3260 gentium
1053 3195 1118 3260 jure.
1150 3196 1211 3243 vio,
1228 3196 1280 3245 nl,
1295 3193 1410 3243 institut.

332 3263 380 3317 uel,
393 3262 413 3310 si
430 3263 485 3322 quis
495 3263 575 3316 malit,
587 3276 618 3310 ne
628 3263 712 3311 liceret
724 3263 852 3324 magistra·
883 3263 1110 3320 sustinuerimus.
1130 3266 1167 3312 Ac
1176 3262 1278 3322 proinde
1287 3259 1408 3320 hihybri·

332 3327 399 3372 tibus
408 3325 527 3373 Romanis
542 3329 649 3386 pretium
665 3328 790 3388 imponere
801 3328 853 3374 fru-
885 3332 923 3378 dae
932 3331 953 3376 si
964 3329 1016 3377 nati
1026 3335 1108 3376 essent
1116 3341 1147 3376 ex
1157 3326 1238 3373 liberis
1249 3323 1406 3379 mulieribus,

331 3397 417 3437 mento
428 3391 464 3437 illi
475 3391 541 3452 quod
551 3391 577 3437 in
588 3391 675 3440 cellam
691 3403 788 3458 sumere
798 3397 853 3452 pot·
885 3393 955 3440 liberi
965 3400 989 3440 et
1005 3394 1052 3456 ipsi
1061 3393 1174 3446 fuissent,
1181 3405 1232 3438 *nec
1242 3388 1344 3451 proinde
1353 3401 1410 3435 ma·

331 3457 475 3516 erant,sed,
488 3456 608 3504 sivalleat
618 3457 854 3518 sibiproframeatn
886 3459 1036 3506 numlasione
1046 3456 1269 3519 eparhabulsseat.
1354 3495 1357 3504 ,

332 3522 386 3568 dari
402 3523 541 3582 pecuniam,
553 3522 715 3572 estimatione
726 3524 854 3570 communi
921 3523 952 3573 10
970 3521 1018 3578 Qua
1041 3521 1210 3571 vomitorium
1230 3519 1294 3568 domi
1312 3531 1409 3568 mmm

333 3591 359 3631 et
380 3587 478 3646 publica
497 3589 633 3638 uterentur.
665 3585 779 3633 Alterum
800 3586 854 3632 iru-
885 3587 979 3651 vallent]
1014 3587 1097 3635 Simile
1118 3589 1243 3634 decretum
1260 3583 1409 3630 memoravit

332 3651 411 3697 menti
420 3664 497 3712 genus
506 3658 552 3709 est,
562 3658 682 3713 emptum.
699 3651 854 3698 iubebantur
886 3652 971 3698 Livius
982 3653 1012 3700 de
1024 3653 1174 3705 Antiatibus,
1185 3652 1203 3698 l.
1215 3648 1291 3696 v111.
1303 3661 1326 3694 e.
1338 3646 1378 3695 14.

333 3715 452 3762 nimirum
474 3717 633 3775 provinciales
655 3721 747 3761 certam
766 3729 854 3775 quam·
919 3715 948 3762 ll
966 3717 1079 3764 Latinam
1104 3731 1155 3764 eum
1180 3715 1293 3762 coloniam
1313 3710 1407 3778 faiam]

332 3780 674 3840 damtrameatlsuiputem
687 3781 790 3830 vendere
803 3781 853 3827 Ro·
886 3779 952 3842 Lege
973 3794 1030 3828 eum
1042 3779 1165 3828 Gronovio
1183 3793 1238 3826 carr.
1271 3775 1408 3826 noceatur

331 3845 420 3892 manis.
453 3844 484 3892 In
499 3855 553 3894 eam
570 3859 624 3895 rem
639 3846 799 3904 magistratus
812 3858 854 3905 pe-
885 3845 939 3906 ipso
950 3852 1059 3908 tempore
1070 3848 1113 3893 illa
1123 3845 1218 3892 colonia
1228 3843 1364 3890 deduoimr·

332 3910 562 3970 onniamapablieo
572 3909 731 3970 accipiebant.
767 3910 814 3958 Sed
825 3916 854 3956 ut
921 3907 1278 3972 lss'Mars'tapopuliRorma]
1306 3907 1408 3967 iltpos·

332 3987 365 4021 ex
375 3985 404 4024 et
414 3975 507 4035 aliquia
523 3976 549 4022 in
566 3984 639 4022 suum
650 3981 774 4034 questum
785 3988 854 4022 aver·
886 3977 993 4022 talarem
1003 3977 1093 4024 memte
1100 3974 1185 4036 populi
1195 3975 1303 4022 Romani
1312 3973 1339 4019 in
1351 3969 1409 4019 Ma-

333 4044 424 4098 teaeat,
442 4040 560 4088 vilissimo
576 4039 654 4100 pretio
670 4043 786 4088 taxabant
802 4041 855 4088 fru-
886 4041 1009 4089 sinissam.
1041 4041 1135 4088 Eodem
1158 4040 1234 4086 modo
1250 4039 1349 4086 baama
1369 4041 1419 4084 est·

334 4110 448 4152 mentum
464 4105 526 4152 illud
541 4107 607 4164 qaod
628 4117 710 4152 emere
725 4107 853 4152 debebunt·-
887 4106 1063 4167 nirloesupra
1079 4103 1242 4152 xxv111.s.
1274 4101 1409 4151 semea

255 4205 258 4212 .
335 4167 442 4227 Hispani
452 4169 588 4229 igitur,qui
598 4170 728 4218 viassimaa
736 4170 855 4218 immenti
886 4183 937 4232 qam
950 4170 1232 4231 pneumaticum,
1250 4170 1344 4223 meaa.
1358 4181 1417 4228 sm·-

335 4231 374 4281 sai
393 4233 497 4280 vendere
518 4236 639 4282 debebant
661 4235 787 4290 Remmia,
808 4236 855 4282 hoc
886 4237 934 4282 rito
958 4237 1052 4284 mmm
1071 4237 1193 4296 primum,
1207 4235 1264 4280 cleia
1281 4231 1417 4282 mallum.

335 4295 515 4355 impenetratae
525 4298 580 4346 illes
589 4299 693 4346 vendere
702 4309 855 4360 cogerentur,
887 4299 1085 4360 deas,0ma1m,
1096 4301 1281 4361 respmaeuna
1344 4313 1349 4330 ¹
1376 4325 1380 4334 ·

336 4362 422 4420 quanti
436 4363 508 4410 vellet
519 4365 678 4424 magistratus
688 4364 822 4412 Romanus.
1369 4376 1371 4382 ·
