3154 4984
56 3538 63 3554 ·
157 3471 203 3518 Μ

327 194 384 260 lod
714 194 835 258 ’ΤΙΤΙ
865 193 1005 254 LlVll

161 375 190 422 u.
202 373 298 427 rates
323 360 366 428 de
384 359 508 426 ratione
528 359 607 426 belli
626 359 759 448 gerendi
781 357 894 444 coepit.
940 357 1093 424 Placebat
1113 356 1400 444 quibusdam,'⁹⁶at

160 443 191 489 Α
204 440 301 518 ⁰23⁶&
323 448 467 516 maxime
492 447 665 536 majoribus
687 459 776 522 natu,
792 467 850 528 per
873 444 990 530 Enipei
1014 445 1117 531 ripam
1143 445 1401 532 munitionesque

161 507 388 618 bepppuncevim
414 532 528 612 facere,
549 534 693 619 corcsmtr's
714 543 745 598 et
766 535 826 600 rim
839 530 1030 614 secantibus
1050 534 1191 598 resistcre
1206 533 1401 598 Macedonas

323 643 386 686 nor
394 643 502 704 possea
524 644 564 686 en
573 631 619 688 tot
629 621 763 686 castellis
776 619 939 704 aliquanto
949 620 1113 684 altioribus
1124 641 1161 684 cc
1171 619 1399 697 munitioribus,

323 729 393 794 paca
417 710 533 774 ualidis
548 709 709 792 presidiis
731 707 920 784 imadisscat,
931 708 1042 788 priore
1064 726 1148 772 cano
1169 703 1307 792 dejectas.
1330 705 1401 772 aliia

322 794 481 880 placebat,
509 794 676 860 Octarium
704 814 777 858 cum
804 792 902 858 classe
927 792 1191 860 Thessalonicam
1219 805 1337 879 petere,
1368 805 1402 860 at

323 880 531 968 populatione
556 881 725 948 maritimae
748 901 816 944 oras
841 879 1032 968 distringere
1060 880 1170 964 copias
1196 901 1213 944 r
1254 880 1318 946 ias:
1351 892 1399 958 ut,

323 971 425 1036 altero
439 967 481 1036 ab
495 982 586 1056 tergo
601 991 634 1032 ac
654 966 841 1034 ostendente
861 965 956 1043 ballo,
972 967 1186 1034 circumactus
1206 989 1225 1032 a
1269 967 1400 1034 interio-

322 1073 392 1120 rem
411 1068 533 1139 partem
557 1056 651 1141 regni
675 1052 839 1132 tuendam,
855 1052 977 1119 nudare
1001 1052 1108 1140 aliqua
1134 1066 1225 1139 parte
1247 1055 1400 1120 transitus

323 1142 442 1228 Enipei
463 1156 642 1226 cogeretur.
686 1140 789 1228 ”Ipsi
810 1153 926 1206 natura
945 1153 977 1206 ct
999 1141 1148 1226 operibus
1160 1140 1401 1227 inexsuperabi-

321 1228 361 1294 lis
386 1229 457 1314 ripa
471 1229 657 1294 ridebatur:
679 1237 722 1305 et,
745 1241 958 1328 preterquam
980 1227 1068 1315 quod
1093 1239 1252 1294 tormenta
1279 1227 1400 1314 ubique

322 1315 476 1402 disposita
503 1328 617 1393 ment
641 1314 814 1380 missilibus
837 1326 932 1380 etism
963 1315 1077 1380 melios
1105 1327 1138 1380 et
1166 1314 1302 1380 certiore
1330 1315 1400 1382 ictu

322 1403 431 1468 hostes
452 1403 500 1468 uti
523 1402 677 1468 andierat.
722 1400 798 1467 Alio
824 1401 987 1486 spectabat
1010 1423 1101 1466 mens
1125 1415 1194 1468 tota
1217 1400 1323 1468 ducis:
1348 1401 1399 1466 di·

322 1489 482 1576 misroque
503 1489 636 1554 oonsilio
652 1487 842 1554 Perrhaebos
864 1491 1065 1566 mercatores,
1079 1487 1258 1554 Scboenum
1275 1501 1309 1556 ct
1323 1487 1399 1554 Me-

322 1577 502 1661 nophilum,
519 1589 605 1642 notre
625 1588 659 1640 et
672 1575 747 1642 fidei
764 1577 832 1661 jam
848 1575 955 1640 sibiet
976 1575 1155 1661 prudentiae
1176 1575 1334 1655 homines,
1348 1598 1399 1642 ar-

322 1666 452 1728 cessitos
466 1677 587 1728 secreto
608 1676 844 1748 percunctatur,
861 1662 971 1749 quales
991 1663 1034 1727 ad
1049 1661 1267 1728 Perrhaebiam
1282 1664 1399 1728 transt·

322 1763 373 1815 tus
387 1752 460 1814 sint.
506 1749 616 1828 Quum
641 1749 711 1814 loca
733 1772 797 1814 non
821 1749 930 1835 iniqua
952 1772 1019 1814 esse
1035 1749 1187 1829 dicerent,
1203 1748 1398 1834 “praesidiis

322 1849 427 1902 autem
452 1837 536 1925 regis
559 1836 709 1917 obsideri,
724 1858 812 1920 spem
835 1835 930 1920 oepit,
947 1836 974 1899 si
996 1850 1089 1902 nocte
1114 1838 1276 1922 inproviso
1291 1836 1399 1902 valida

321 1945 419 1988 manu
448 1923 614 2012 adgressus
638 1923 865 2009 necopinantes
886 1935 978 1998 esset,
1003 1923 1095 2009 dejici
1118 1922 1269 2009 praesidia
1293 1945 1397 2010 posse.

320 2013 435 2080 Jacrdu
450 2013 531 2075 erim
546 2021 576 2074 ct
588 2012 721 2096 sagittas
735 2019 879 2086 stertere
894 2011 1071 2076 missilium
1087 2009 1229 2090 tenebris,
1242 2010 1307 2092 ubi,
1321 2011 1400 2098 quid

288 2111 290 2118 ’
315 2107 456 2184 petatur,
467 2099 598 2188 procal⁰
606 2097 771 2184 prouideri
791 2107 932 2182 nequeat,
947 2097 1075 2160 inutilia
1090 2119 1160 2162 esse.
1180 2097 1291 2184 gladio
1304 2099 1398 2161 comi·

321 2206 378 2248 nus
397 2187 468 2270 geri
485 2207 548 2250 rem
570 2186 604 2248 in
622 2187 782 2270 permista
803 2183 980 2268 teclamque
1001 2185 1087 2250 miles
1100 2185 1260 2248 Romanus
1280 2185 1396 2250 vincat.

322 2269 387 2336 His
408 2269 542 2336 ducibus
564 2293 690 2345 usurus,
706 2281 878 2356 pretorem
896 2269 1066 2338 Octavium
1089 2270 1283 2348 arcessitum,
1299 2292 1399 2358 capo·

320 2357 391 2432 sito,
429 2359 483 2424 uid
510 2374 649 2443 pararet,
667 2355 863 2422 Heracleum
890 2379 963 2422 cum
990 2357 1090 2422 classe
1112 2370 1218 2441 petere
1238 2358 1341 2444 jubet,
1364 2373 1398 2428 ct

319 2381 604 2513 millclrominibus
623 2444 733 2510 decem
754 2443 877 2508 dierum
893 2459 984 2512 cocta
1005 2444 1124 2510 cibaria
1144 2443 1274 2513 habere.
1320 2445 1397 2530 lpse

157 2548 310 2597 Nemeaeum
321 2529 359 2602 P.
391 2532 573 2617 Scipionem
605 2531 767 2612 Nasicam,
797 2530 873 2609 ⁹⁹Q.
905 2531 1039 2596 Fabium
1072 2530 1257 2598 Maximum
1292 2530 1395 2598 filium

157 2612 304 2692 ⁵,000·¹¹²,ffi,·
320 2641 413 2688 suum
428 2643 501 2686 cum
517 2619 660 2705 quinque
674 2617 803 2684 delectis
818 2617 956 2683 millibus
973 2616 1169 2684 Heracleum
1185 2617 1294 2697 mittit,
1308 2618 1397 2685 velut

157 2680 311 2806 ἷζῖυξᾱᾞ
320 2706 452 2773 classem
467 2726 694 2770 conscensuros
716 2704 758 2770 ad
779 2704 970 2770 maritimam
994 2711 1083 2769 orarii
1107 2705 1266 2770 interioria
1283 2705 1395 2772 Mace-

157 2809 247 2857 tnrum.
320 2793 438 2870 doniae,
455 2791 589 2878 quadiu
605 2791 739 2857 consilio
760 2792 914 2879 agitatum
930 2805 1007 2869 erat,
1024 2792 1219 2856 vastandam.
1263 2792 1396 2859 Secreto

321 2877 508 2957 indicatum,
524 2878 644 2944 cibaria
664 2877 715 2942 his
738 2892 918 2964 praeparata
939 2880 979 2944 ed
1004 2878 1138 2943 classem
1160 2901 1237 2956 csse,
1252 2899 1294 2943 ne
1315 2879 1395 2970 quid

319 2987 373 3030 eos
389 2977 579 3034 moraretur.
610 2963 692 3032 Inde
701 2966 780 3053 jussi
795 2965 891 3032 duces
906 2965 1027 3030 itineris
1042 2965 1086 3031 ita
1100 2965 1240 3032 dividere
1250 2966 1348 3046 viam,
1358 2979 1394 3034 ut

319 3065 435 3142 quarta
457 3051 565 3141 vigilia
589 3054 685 3118 tertio
710 3052 763 3118 die
786 3052 963 3138 ¹Pythium
989 3049 1108 3119 adoriri
1135 3065 1273 3138 possent.
1318 3054 1394 3136 Ipse

318 3154 448 3226 postero
462 3139 524 3218 die,
541 3152 576 3206 ut
591 3139 756 3206 distineret
769 3161 877 3228 regem
892 3139 933 3205 ab
948 3139 1177 3226 circumspectu
1193 3160 1300 3206 rerum
1315 3141 1394 3206 alia·

319 3248 404 3306 rum,
419 3227 523 3311 prima
548 3226 619 3292 luce
645 3226 751 3293 medio
775 3227 810 3290 in
836 3225 925 3292 alveo
948 3248 1022 3291 cum
1043 3226 1231 3292 stationibus
1252 3225 1392 3293 hostiurn

158 3328 278 3375 menam
319 3312 471 3400 proelinm
497 3314 665 3380 commisit.
688 3325 930 3402 pugnatumque
954 3313 1184 3399 utrimque-est
1205 3312 1266 3378 leri
1288 3335 1394 3380 erma·

157 3393 297 3470 ⁸¹l⁰⁰E¹¹¹·
318 3415 409 3468 turc:
430 3423 492 3468 nec
530 3401 707 3469 rarioribus
728 3402 824 3466 armis
844 3401 877 3464 in
896 3413 961 3466 tam
984 3399 1137 3488 insequali
1150 3400 1241 3466 alveo
1254 3403 1394 3489 pugnari

318 3500 453 3572 poterat.
497 3424 679 3554 flecterem
694 3488 773 3574 ripoe
786 3488 952 3573 utriusque
973 3487 1008 3554 in
1030 3486 1154 3552 alveum
1177 3501 1393 3554 trecentorum

316 3574 417 3641 ferme
430 3597 584 3664 passuum
596 3585 682 3644 erat:
703 3574 844 3639 medium
866 3574 1004 3662 spatium
1027 3573 1187 3656 torrentis,
1202 3573 1281 3640 alibi
1301 3575 1394 3644 aliter

731 3747 743 3778 ⁶
750 3743 837 3806 procul
846 3745 892 3792 del.
905 3745 976 3795 Cres.

350 3895 382 3942 96
398 3893 548 3940 amaram
561 3893 687 3956 majomites
697 3893 767 3956 aas]
787 3891 838 3938 llx-
870 3895 1028 3958 muascgts'ss
1045 3891 1134 3957 utjern
1142 3895 1200 3941 sitiri
1210 3895 1391 3943 annotwirnus.

315 3960 457 4006 intimamus
465 3958 562 4006 bivium
574 3955 655 4016 potius
663 3959 785 4018 scripsisse
793 3957 838 4004 ml·
905 3958 996 4016 9οὋ
1024 3959 1126 4007 aarum
1152 3959 1293 4008 cracem
1309 3961 1392 4021 fidem

316 4025 411 4072 mana
432 4029 498 4070 autu.
532 4021 665 4069 Ferridum
687 4023 754 4068 subn
774 4023 838 4070 illud
869 4019 1391 4087 ouam1Nempsisadoputuslnemtam

316 4090 447 4136 consilinm
457 4087 576 4136 faciende
587 4088 633 4134 sibi
644 4087 692 4133 vias
705 4089 838 4148 per-ripam
872 4085 947 4135 nauto
959 4087 1080 4145 Maxime,
1089 4095 1162 4150 atqcue
1170 4089 1341 4138 mormius
1350 4103 1394 4152 pa·

317 4153 407 4212 Enipei
418 4154 616 4212 munitionesque
631 4153 711 4212 magle
721 4155 784 4214 sapit
796 4149 839 4214 ju·
870 4153 915 4200 tris
926 4155 964 4200 sui
976 4155 1084 4218 adoptivi
1093 4156 1202 4218 gerebat

317 4218 423 4264 senilem
440 4219 648 4277 ardorem,quam
662 4217 764 4265 senilem
780 4231 839 4282 pm·
905 4218 918 4265 1
942 4218 1072 4282 mum]
1110 4219 1243 4282 'Iernplum
1271 4219 1393 4282 Apollinis

317 4282 434 4328 dentiam.
823 4323 824 4328 ,
870 4283 961 4348 Pythii,
973 4283 1392 4346 ascensuummmmmootympr

350 4346 382 4392 97
399 4346 464 4409 Ipsi]
481 4347 587 4396 AEmilio.
866 4345 930 4410 jugo
959 4351 1075 4412 positum
1108 4350 1163 4398 vid.
1183 4351 1247 4398 mur
1267 4350 1293 4397 in
1314 4349 1392 4398 Emi·

350 4409 383 4457 98
398 4411 527 4470 Prastdr'ir
546 4415 624 4458 cutem
645 4409 721 4474 ragis]
752 4413 839 4461 more-
870 4413 911 4462 llo.
1384 4409 1388 4420 ’
