3120 4984
433 192 530 254 LIB.
549 192 668 253 xtitt.
696 193 799 254 CAP.
819 192 921 256 xvii.
1152 209 1206 263 lll

123 355 258 421 'multus
286 355 380 421 ciere.
431 355 519 422 “Ti
542 355 684 422 Gracchi
719 358 857 444 primum
888 359 974 426 bona
1002 367 1354 446 consecratiquerss.

133 443 224 529 quod
239 444 274 507 in
289 443 392 508 multa
404 443 656 531 pignoribusque
670 445 746 531 ejus,
757 445 812 532 qui
827 446 991 513 tribunum
1007 449 1206 536 adpellasset,
1216 456 1249 503 A·
1259 455 1288 506 c·
1300 457 1353 504 ¹⁶9·

134 530 357 596 intercessioni
380 551 444 594 non
469 530 621 616 parendo,
643 531 711 596 ⁸⁷se
735 532 769 595 in
791 533 937 598 ordinem
959 535 1122 625 coegisset.
1167 541 1206 605 Ο.

132 617 288 682 Claudio*
302 615 389 682 diem
413 617 504 694 dixit,
529 618 615 704 quod
639 619 825 684 concionem
855 621 896 685 ab
924 644 958 686 se
982 637 1153 703 avocasset,
1176 639 1209 693 et

130 703 298 790 “utrique
323 705 446 769 censori
468 703 719 788 perduellionem
748 727 781 770 se
803 703 950 792 judicare
973 713 1208 794 pronunciavit,

129 791 285 877 diemque
299 791 437 856 comitiis
451 812 471 854 a
487 790 525 855 C.
536 791 679 876 Sulpicio
692 807 832 876 praetore
846 795 969 860 urbano
985 798 1085 880 petiit.
1130 799 1207 864 Non

128 877 352 944 recusantibus
367 878 563 956 censoribus,
579 878 635 964 qui
650 879 775 943 miuus'
788 880 895 966 primo
913 905 1042 969 quoque
1063 899 1208 972 tempore

126 965 291 1052 judicium
315 965 356 1029 de
386 987 419 1029 se
443 965 581 1050 populus
605 963 732 1041 faceret,
756 966 789 1029 in
812 979 887 1032 ante
912 969 978 1032 dies
1004 982 1153 1037 octavum
1175 986 1209 1038 et

129 1054 304 1138 septimum
333 1050 496 1118 Kalendas
521 1051 679 1117 Octobres
697 1053 840 1140 ¹comitiis
871 1055 1096 1137 perduellionis
1121 1059 1209 1126 dicta

128 1140 211 1204 dies.
258 1139 416 1202 Censores
446 1138 609 1224 extemplo
634 1139 667 1202 in
693 1139 808 1204 atrium
834 1139 1008 1208 Libertatis
1033 1145 1207 1214 adscende-

129 1239 226 1292 runt:
251 1236 293 1302 et,
308 1225 355 1289 ibi
374 1225 507 1313 signetis
529 1224 654 1290 tabellis
676 1225 824 1311 publicis,
845 1228 1020 1315 clausoque
1038 1231 1206 1312 tabulario,

129 1327 163 1378 et
189 1312 328 1377 dimissis
348 1311 486 1377 89ιιιινίι
506 1311 654 1397 publicis,
676 1333 717 1376 ne
758 1327 843 1394 runt,
865 1319 1008 1400 seprius
1030 1319 1204 1404 quidquam

127 1399 256 1486 publici
271 1399 392 1486 negotii
406 1413 561 1482 gesturos,
577 1421 672 1487 quarn
683 1401 720 1484 ju
745 1400 840 1466 icium
855 1402 966 1488 populi
982 1403 1023 1468 de
1037 1427 1070 1468 se
1085 1408 1205 1472 factum

127 1503 226 1552 esset.
272 1485 369 1550 Prior
385 1485 541 1550 Claudius
563 1505 704 1550 caussam
727 1487 829 1553 dixit:
853 1501 894 1567 et,
912 1506 1011 1575 quum
1027 1491 1104 1558 ⁹⁰ex
1125 1493 1207 1557 duo·

128 1573 241 1638 decim
273 1573 425 1638 cerituriis
458 1573 602 1660 equitum
636 1586 710 1639 octo
739 1595 902 1640 censorem
932 1578 1206 1658 condemnassent,

127 1660 309 1745 multaeque
329 1658 402 1724 aliae
427 1661 541 1744 primae
566 1659 684 1738 classis,
703 1662 868 1747 extemplo
891 1662 1051 1750 principes
1072 1666 1207 1731 civitatis

128 1751 165 1811 in
189 1759 367 1831 conspectu
393 1745 515 1832 pepuli,
539 1748 667 1812 annulis
690 1748 794 1812 aureis
818 1749 939 1832 positis,
961 1762 1077 1815 vestem
1102 1766 1206 1818 muts-

128 1847 218 1912 runt,
249 1847 286 1898 ut
315 1833 475 1918 supplices
504 1831 628 1914 plebem
661 1834 877 1900 circumirent.
922 1836 1072 1904 Maxime
1098 1855 1352 1908 remensemque-

128 1921 320 1986 sententiam
345 1921 476 1984 vertisse
496 1920 614 1990 dicitur
635 1919 689 1984 Ti.
706 1921 884 2000 Gracchus,
904 1924 1003 2010 quod,
1016 1947 1118 2012 quum
1140 1927 1262 1993 aia-21¹2

130 2031 204 2073 mor
218 2007 362 2094 undiquc
375 2007 478 2092 plebis
493 2021 586 2088 esset,
600 2007 776 2092 periculum
790 2008 941 2075 Graccho
955 2031 1021 2076 non
1035 2034 1113 2090 esse,
1128 2033 1206 2082 cou—

128 2096 232 2180 eeptis
247 2094 351 2160 verbis
368 2094 499 2180 jurarit,
512 2095 541 2158 si
562 2093 684 2182 collega
697 2096 864 2169 damnatus
879 2109 971 2177 esset,
985 2120 1051 2162 uon
1073 2120 1205 2186 exspec-

128 2195 199 2248 tato
214 2182 257 2247 de
270 2204 303 2246 sa
320 2180 454 2267 judicio,
470 2182 617 2246 comitem
633 2181 735 2245 exsilii
754 2183 821 2268 ejus
842 2179 996 2248 futurum.
1042 2187 1137 2268 Adeo
1157 2200 1205 2254 ta-

129 2291 204 2334 men
231 2268 273 2334 ad
298 2282 478 2333 extremum
503 2267 570 2352 spei
596 2268 682 2331 venit
706 2289 789 2344 reus,
819 2281 855 2333 ut
883 2281 958 2334 octo
982 2272 1136 2336 canturire
1162 2274 1204 2339 ad

128 2357 368 2440 damnationem
386 2354 552 2418 demerim
596 2353 758 2423 Absolute
774 2355 923 2438 Claudio,
937 2355 1084 2422 tribunus
1103 2358 1205 2444 plebis

128 2465 171 2508 ne
214 2444 260 2508 vit
275 2465 309 2507 se
324 2441 505 2506 Gracchum
521 2441 651 2504 morari.

213 2529 291 2596 v11.
319 2528 370 2594 Eo
402 2549 499 2610 anuo,
529 2527 767 2613 postulantibus
793 2526 1046 2615 Aquileiensium
1080 2530 1091 2594 l
1151 2531 1203 2614 tis,

126 2617 153 2719 ’ξ
165 2631 201 2681 ut
215 2637 384 2682 numerum
399 2615 588 2682 colonorum
610 2625 750 2716 augeret,
766 2615 902 2720 milleft'
913 2553 1204 2722 quingenraeellimi-

127 2704 183 2768 lrae
197 2727 240 2770 es
261 2701 537 2770 senatusconsulto
557 2717 694 2788 scriptae,
711 2703 942 2791 triumunque,
959 2723 1014 2790 qut
1034 2727 1088 2771 eas
1102 2705 1204 2774 dedu·

510 2846 523 2875 '
534 2856 577 2906 qua
587 2844 666 2890 minas
677 2844 751 2891 Gran.
763 2843 832 2890 Creu.

159 2957 195 3004 86
214 2956 649 3022 storacis...sonamaaaatt1
674 2958 795 3023 judiam]
813 2959 844 3010 Se
862 2954 975 3021 judicare
990 2966 1128 3023 utrumque
1147 2975 1205 3012 cett-

126 3023 254 3070 Bcnorum
269 3023 300 3077 Q.
312 3023 416 3078 Metelli,
427 3023 472 3070 Cn.
483 3023 591 3078 Lentuli,
603 3030 649 3070 etc.
682 3038 762 3071 sorem
789 3025 962 3084 perduellionis
988 3026 1091 3072 crimirm
1117 3028 1203 3074 teneri.

126 3089 173 3134 boc
191 3089 266 3134 modo
280 3102 295 3135 a
311 3088 415 3134 tribunis
432 3088 510 3148 plebis
526 3101 649 3135 consecra·
682 3089 730 3134 Sed
740 3090 786 3136 hoc
793 3086 916 3151 judicium
927 3095 1009 3136 ratum
1020 3104 1072 3137 esse
1083 3104 1132 3137 non
1149 3097 1204 3152 pot»

126 3159 209 3200 torum
229 3153 379 3200 mentionem
399 3153 458 3198 facit
473 3153 523 3199 cic.
540 3163 584 3212 pro
598 3153 650 3198 Do·
682 3159 742 3211 erat,
753 3154 800 3200 nisi
816 3153 921 3214 populus
937 3155 1060 3215 suffragiis
1077 3155 1127 3201 suis
1141 3157 1203 3202 illud

125 3231 176 3272 mo,
193 3233 218 3264 n.
231 3217 287 3264 123.
305 3223 330 3262 et
347 3230 413 3278 seqq.
447 3216 485 3263 Ea
501 3217 649 3263 consecratio
681 3217 809 3266 firmasset.
841 3218 936 3264 Eodem
954 3219 1004 3265 fere
1020 3221 1094 3265 modo
1109 3221 1204 3266 mulcta

124 3283 197 3329 tiebat
214 3284 240 3328 in
257 3281 383 3340 concione,
393 3287 460 3328 certo
476 3282 581 3342 quodam
596 3295 649 3327 ver·
680 3281 833 3330 dicebaturs
848 3282 1003 3342 magistratu,
1014 3285 1057 3330 sed
1070 3279 1204 3345 jubebatur

123 3347 212 3394 borum
224 3348 341 3400 carmine,
353 3345 650 3406 toculoposito,eta‹1hi·
681 3348 804 3406 spopulo.
837 3347 932 3395 Recens
942 3349 1083 3408 exemptum
1094 3349 1203 3394 habenis

124 3412 176 3458 bita
187 3412 296 3461 tibicine.
327 3407 389 3473 ujus
404 3411 648 3458 hancvimessevo·
681 3411 806 3470 Lucretio,
817 3425 890 3472 supra
905 3413 960 3459 αθ.
994 3413 1032 3460 De
1046 3412 1205 3474 perduellione

123 3478 190 3524 lebat
201 3479 223 3524 is
234 3478 276 3538 qui
292 3479 357 3524 bona
372 3473 476 3538 alicujus
493 3489 648 3523 consecrave-
681 3478 731 3524 vid.
742 3482 792 3522 not.
803 3475 844 3524 85.
855 3477 887 3524 sd
897 3477 915 3523 l.
928 3477 948 3524 l.
960 3492 981 3524 c.
993 3477 1032 3524 20.

122 3548 170 3598 rat,
182 3549 212 3589 ut
229 3544 294 3590 bons
308 3543 352 3589 itta
368 3543 442 3590 alicui
458 3544 513 3600 dec,
527 3546 587 3601 puta
602 3539 649 3588 Ge·
713 3542 746 3590 89
765 3541 848 3590 Servis
870 3540 982 3606 puhlicis]
1016 3541 1085 3589 Serri
1110 3542 1203 3602 publici

121 3609 180 3665 reri,
187 3604 243 3670 jam
254 3621 323 3655 sacra
336 3613 426 3662 essent,
437 3619 466 3654 sc
482 3605 582 3666 proinde
591 3607 648 3652 nul·
680 3615 738 3654 sunt
752 3607 834 3668 tiqui,
846 3606 893 3655 atsi
908 3607 1000 3654 nulllus
1014 3606 1113 3668 privati,
1124 3612 1150 3652 at
1160 3619 1204 3666 pc·

121 3673 175 3719 lum
186 3673 219 3720 ad
235 3675 367 3736 promnum
378 3683 451 3718 usum
462 3672 524 3720 vetri
540 3678 648 3730 possent,
679 3673 733 3736 puli
743 3674 807 3719 servi
822 3678 888 3720 sunt.
920 3670 991 3720 Tales
1006 3672 1070 3718 servi
1086 3673 1118 3718 ad
1133 3672 1205 3718 tabu·

122 3738 197 3798 inque
208 3751 238 3784 cs
245 3735 291 3800 jus
299 3749 374 3784 carne
387 3737 512 3784 amitteret
522 3737 543 3782 is
553 3737 596 3796 qui
606 3736 649 3782 iila
679 3737 734 3784 larii
753 3738 888 3785 ministeria
906 3745 995 3798 presta
1010 3741 1080 3784 erant
1098 3735 1204 3782 censui

123 3811 196 3850 autea
212 3803 359 3863 possederat.
393 3801 441 3848 Sed
455 3801 486 3848 ad
501 3801 599 3846 ὶιιιίιιιιιι
610 3813 650 3848 ca-
681 3804 735 3849 bus.

124 3868 217 3915 debant
242 3869 293 3915 illae
320 3867 405 3922 mina,
428 3872 453 3914 et
476 3866 580 3913 scenica
600 3866 650 3912 illes
714 3867 747 3914 90
762 3867 804 3912 Ec
820 3865 938 3914 ἀιιοᾱιιίιιι
957 3867 1070 3913 asadia
1085 3864 1201 3930 quitata]

124 3933 305 3994 theatralesque
322 3935 442 3980 benonim
458 3929 650 3977 mnsmstiones
683 3933 738 3978 imo
761 3932 892 3978 amclades.
926 3931 975 3978 'l'ct
1003 3931 1071 3978 enim
1095 3931 1204 3978 instituit

123 3997 205 4046 naudi
221 4011 271 4044 non
282 4003 352 4045 mant
368 3997 553 4057 possessoribus.
588 3995 650 4041 lirae
682 3996 733 4043 Ser.
745 3996 850 4044 Tullius.
866 3997 925 4044 Vid.
936 4009 1010 4056 supra
1020 3997 1037 4040 1.
1049 3997 1071 4044 Ι.
1082 4011 1103 4042 c.
1115 3993 1155 4042 ld

124 4065 208 4110 omnia
218 4064 289 4110 decet
303 4064 387 4110 Cicero
398 4062 452 4107 loeo
462 4065 605 4106 manento»
714 4060 744 4109 91
765 4061 800 4108 Ut
815 4075 940 4108 canaram
950 4061 1080 4108 cannarum
1092 4061 1203 4125 asgerd]

156 4127 251 4176 evea
272 4129 300 4173 ts
321 4125 425 4172 ordinem
449 4123 570 4186 coegisset]
602 4123 650 4170 Jus
682 4125 757 4187 Lege,
776 4130 804 4172 at
824 4139 935 4172 namma
956 4125 1086 4173 mmmm
1107 4140 1206 4188 angen·

124 4195 285 4254 magistratus
303 4191 342 4238 sui
360 4189 507 4250 infregisset,
518 4202 547 4236 ac
564 4201 649 4236 secum
681 4195 737 4237 tarr
754 4192 793 4238 vel
807 4192 834 4237 in
849 4191 879 4236 iis
889 4203 946 4251 quae
962 4193 1112 4252 precedunt,
1121 4197 1205 4254 pcata-

126 4259 191 4368 qelut
205 4271 266 4306 curn
282 4256 378 4322 privato
394 4256 492 4315 egisset.
526 4252 586 4302 Vici.
598 4261 649 4301 nat
680 4255 782 4305 aarum
802 4269 817 4304 a
839 4260 919 4304 asota
939 4256 1125 4320 Apamensem
1141 4259 1205 4322 iega-

159 4389 192 4436 88
210 4388 314 4450 Utrique
330 4384 613 4447 semiperactum
628 4399 651 4433 sc
740 4423 743 4432 .
